4600 5634
1143 471 1165 533 ὅ

1075 564 1097 569 Ἴ,
1108 562 1199 570 Μ-.

281 674 488 757 πολεμοῦσιν
510 669 665 774 pourrait
688 671 761 733 etro
785 689 852 732 une
875 667 979 752 gloss,
1003 686 1092 730 nous
1115 663 1244 729 semble
1267 663 1383 728 mieux
1405 663 1571 728 convenit
1593 663 1614 728 h
1637 686 1674 727 ce
1698 685 1848 749 passage,
1873 665 2020 750 puieque

281 764 442 829 l'orateur
472 780 630 827 rarsonne
659 757 744 823 dans
771 755 994 843 l’hypothesa
1018 776 1084 840 que
1107 752 1271 840 Philippa
1298 750 1458 818 voudrait
1485 752 1604 817 traiter
1625 774 1710 817 avec
1732 753 1781 818 les
1804 752 2020 838 Olynthiens.

283 852 331 918 tt
361 871 474 935 neque
503 847 681 936 probabile
707 845 794 911 mihi
817 844 956 911 uidetur
978 842 1242 909 usitatissimum
1265 841 1353 906 illud
1383 838 1532 920 κίνδυνος
1552 842 1609 907 uel
1631 836 1804 910 κινδυνεύω
1826 841 1899 925 (cfr.
1921 842 1941 928 ξ
1966 845 2019 909 lot

282 940 324 1007 ab
355 939 428 1005 ullo
455 938 667 1025 explicatum
697 957 770 1001 esse
799 956 912 1018 neque
942 931 1185 998 imitationibis
1214 931 1284 996 illis
1307 928 1420 996 allatis
1443 929 1632 1016 quidquam
1655 929 1912 1013 demonstratur,
1936 954 2019 1018 quo·

280 1031 375 1096 niam
397 1027 503 1093 uerba
524 1028 585 1092 illa
606 1047 671 1091 usu
693 1046 733 1089 ac
756 1022 1004 1090 consuetudine
1027 1020 1226 1107 saepissime
1246 1025 1500 1085 commutantur
1515 1028 1555 1084 ut
1579 1018 1671 1085 idem
1694 1017 1765 1085 fere
1781 1019 2019 1106 significantia.

278 1121 456 1185 Postremo
479 1139 523 1182 ex
544 1116 604 1203 §l
628 1113 786 1179 uidemus
809 1112 851 1178 de
873 1112 973 1194 bello,
997 1109 1132 1177 nonde
1155 1109 1314 1195 pactione
1337 1108 1551 1193 eliquatum
1576 1108 1747 1194 agitatum
1770 1131 1852 1175 esse.
1897 1111 2020 1196 Itaque

278 1206 468 1274 mutatione
490 1213 562 1271 tam
584 1203 737 1270 uiolenta
760 1224 847 1288 opus
870 1200 958 1266 mihi
979 1222 1050 1267 non
1073 1198 1212 1263 uidetur
1235 1221 1316 1263 esse.
1358 1197 1473 1262 Etiam
1497 1197 1534 1262 in
1557 1199 1635 1286 §22
1660 1205 1742 1263 sunt
1764 1219 1849 1282 quos
1865 1199 2019 1265 Blassius

279 1296 441 1385 opinetur
462 1316 525 1382 pro
548 1293 644 1359 inani
667 1291 727 1358 illo
746 1292 813 1355 τῶν
831 1286 1008 1380 χρημάτων
1031 1288 1157 1373 legisse
1173 1288 1297 1352 mehus
1313 1295 1349 1353 et
1363 1285 1522 1371 grauius:
1547 1288 1614 1351 τῶν
1634 1282 1823 1375 προσόδων,
1845 1289 1938 1372 quod
1960 1290 2019 1354 ille

281 1395 396 1452 tamen
410 1406 480 1450 non
493 1383 625 1470 recepit
639 1401 751 1465 neque
772 1377 953 1465 proposuit
972 1378 1039 1442 τῶν
1056 1372 1232 1468 χρημάτων
1255 1398 1328 1441 esse
1352 1373 1565 1456 abolendum⁷
1590 1375 1747 1460 quamuis
1773 1376 1897 1442 inutile
1917 1387 2019 1465 atque

281 1473 485 1560 languidum
511 1472 565 1538 sit
603 1470 672 1537 Otr.
694 1469 715 1557 ξ
740 1468 797 1533 14:
827 1463 955 1544 ποῖ-εἰς
976 1465 1018 1531 τί.
1055 1468 1085 1547 2,
1112 1466 1154 1530 14
1176 1463 1237 1529 ubi
1260 1464 1415 1530 Blassius
1446 1465 1562 1529 nescio
1584 1487 1628 1529 au
1655 1463 1783 1530 iniuria
1804 1469 1957 1536 νοσοῦσιν
1977 1492 2019 1533 ex

285 1563 421 1630 scholiis
453 1561 676 1648 arripuit-
699 1553 800 1636 Quod
829 1555 867 1620 in
896 1554 916 1642 ξ
946 1554 968 1618 6
997 1553 1049 1621 ἔθ’
1075 1561 1155 1641 post
1181 1556 1305 1643 σκῆψις
1326 1560 1405 1618 ante
1430 1549 1503 1637 ὑμῖν
1524 1553 1679 1619 Blassius
1706 1554 1822 1620 omisit
1848 1556 2019 1622 Isidorum

283 1653 354 1719 Pel
377 1651 536 1738 quamuis
566 1649 773 1736 locupletem
803 1651 927 1710 testem
950 1650 1095 1725 secutus,
1119 1643 1225 1723 dolce,
1250 1642 1419 1727 quoniam,
1443 1653 1483 1710 ut
1503 1643 1574 1710 νυνὶ
1594 1639 1777 1709 dehabeat
1799 1666 1868 1728 quo
1898 1647 2018 1711 confir-

286 1748 406 1823 metur,
422 1761 564 1827 prorsus
585 1735 814 1804 necessarium
837 1732 983 1798 uidetur.
1019 1732 1117 1797 Talia
1131 1754 1294 1819 persaepe
1310 1731 1435 1799 iniuria
1449 1756 1469 1798 a
1484 1731 1632 1797 testibus
1647 1731 1760 1796 omitti
1774 1732 1929 1800 Blassius
1944 1736 2019 1822 ipse

282 1829 453 1918 probauit,
476 1828 515 1894 in
538 1829 616 1916 §12
640 1824 684 1894 ἔτ’
706 1846 777 1889 non
800 1821 937 1903 eiciens,
966 1843 1173 1906 quamquam
1196 1820 1288 1908 apud
1311 1820 1489 1888 Tiberium
1510 1842 1579 1886 non
1602 1821 1739 1905 legitur.

388 1918 533 2006 I,§ll:
568 1917 647 1982 Non
677 1914 783 1979 miror
813 1910 906 1997 quod
932 1910 992 2019 qui
1022 1909 1111 1976 hanc
1142 1908 1363 1975 sententiam:
1394 1904 1435 1978 dr
1457 1912 1517 1995 μὲν
1540 1903 1612 2060 γάρ,
1635 1907 1685 1976 δσ*
1707 1902 1748 1976 δν
1769 1935 1819 1990 τις
1843 1910 1940 2002 λάβῃ,
1963 1916 2019 1980 καὶ

280 2005 387 2094 σώση,
408 1999 554 2092 μεγάλην
575 1997 641 2084 ἔχει
662 2002 704 2088 τῇ
724 1999 805 2088 τύχῃ
826 1997 887 2086 τὴν
907 2020 1014 2084 χαριν,
1037 1988 1078 2064 ἂν
1100 1991 1307 2074 δ’ἆναλώσας
1331 1990 1435 2086 λάθῃ,
1458 1990 1579 2084 σσνανὴ
1600 2018 1668 2063 ωσε
1689 1996 1747 2062 καὶ
1767 1993 1806 2062 τδ
1828 2002 2019 2086 μεμνῆσθαι

281 2071 517 2182 τῆν’χάρινε
548 2096 711 2157 contextu
740 2084 923 2152 uerborum
954 2094 1105 2171 ereptam
1134 2083 1363 2149 laudauerunt
1391 2084 1584 2150 breuiorem
1614 2083 1845 2151 reddiderrmt.
1890 2087 1958 2153 Sed
1988 2089 2018 2151 si

285 2187 484 2247 contextum
515 2180 553 2245 in
584 2200 686 2264 quem
715 2176 791 2263 ipse
825 2172 1074 2240 Demosthenes
1101 2196 1176 2239 eam
1206 2172 1336 2258 recepit
1366 2173 1631 2260 respexerimus,
1661 2195 1731 2238 non
1759 2173 1798 2240 τὸ
1818 2178 2017 2264 μεμνῆσθαι,

288 2269 378 2356 quod
409 2276 528 2357 postea
555 2276 595 2334 ut
617 2265 759 2354 grauius
780 2263 818 2328 iu
837 2261 1081 2350 proportiones
1102 2268 1284 2349 repetatur,
1316 2262 1558 2345 amouebimus,
1588 2261 1625 2327 id
1652 2262 1744 2348 quod
1770 2263 1925 2330 Blassius
1952 2264 2018 2329 sibi

284 2357 461 2446 persuasit,
488 2357 548 2423 sed
568 2357 629 2448 τὴν
646 2351 752 2441 χάριν,
774 2350 975 2440 praesertim
997 2372 1074 2415 cum
1097 2352 1200 2439 paulo
1227 2358 1307 2415 ante
1333 2360 1446 2417 orator
1471 2349 1589 2417 eadem
1615 2351 1653 2416 in
1679 2352 1776 2417 exitu
1801 2352 2017 2439 periodorum

287 2446 488 2534 repetitione
510 2440 635 2534 (θείην)
657 2464 740 2508 usus
756 2443 810 2507 sit.
848 2438 1047 2526 Rhythmus
1070 2448 1185 2506 autem
1207 2461 1250 2504 ne
1273 2438 1337 2505 hoc
1360 2440 1499 2548 quidem
1522 2440 1621 2506 modo
1649 2440 1755 2506 deleri
1785 2440 1931 2507 uidetur.
1976 2443 2018 2507 In

285 2535 500 2602 conclusione
531 2534 635 2599 huius
669 2531 688 2620 ξ
722 2553 806 2596 num
833 2526 895 2616 τὴν
921 2525 980 2594 ἐπὶ
1008 2531 1080 2606 τοῖς
1100 2526 1351 2615 πεπραγμένοις
1371 2528 1509 2609 αδοξιάν
1537 2529 1610 2593 iure
1643 2529 1811 2595 intactum
1846 2531 2018 2616 relinquas

285 2624 410 2691 uideas.
466 2624 556 2689 Nam
587 2620 750 2709 quoniam
779 2616 870 2685 nihil
899 2614 971 2681 fere
1000 2615 1043 2680 ab
1074 2615 1345 2683 Atheniensibus
1375 2616 1505 2683 factum
1540 2627 1606 2702 est,
1638 2619 1760 2685 melius
1795 2619 1922 2685 scribes
1956 2642 2018 2706 pro

284 2711 536 2802 πεπραγμένοις
555 2751 600 2762 -
621 2704 795 2799 πρότερον.
839 2704 934 2771 Illud
956 2712 1070 2770 autem
1093 2714 1185 2771 recte
1209 2703 1339 2769 dictum
1363 2714 1415 2771 est
1438 2706 1479 2771 de
1502 2706 1666 2795 Philippo
1688 2708 1726 2774 in
1748 2709 1768 2796 ᾗ
1793 2709 1842 2774 14.

390 2808 417 2891 Ι,
446 2805 466 2915 ᾗ
488 2809 547 2874 24:
579 2808 632 2874 δεῖ
651 2801 764 2870 τοίνυν
785 2797 869 2886 ὑμᾶς
885 2853 892 2868 .
908 2852 917 2868 .
933 2797 993 2889 τῆν
1014 2793 1170 2889 ἀκαιρίαν
1183 2799 1242 2890 τὴν
1256 2797 1382 2867 ἐκείνου
1404 2802 1521 2893 καιρὸν
1542 2798 1699 2895 ὑμέτερον
1711 2803 1910 2889 νομίσαντας
1930 2803 2017 2872 ἑτοί-

283 2919 355 2980 μοις
378 2898 593 2983 σοναρασδαι
616 2888 658 2959 τὰ
674 2886 866 2975 πράγματα,
889 2886 946 2954 καὶ
958 2886 1247 2973 πρεσβευομένους
1268 2885 1322 2993 ἐρ’
1337 2876 1359 2952 δι’
1374 2889 1427 2954 δεῖ
1446 2887 1501 2954 καὶ
1523 2890 1804 2977 στρατευομένους
1824 2884 1943 2970 αὐτούς
1963 2891 2019 2958 καὶ

283 2978 534 3071 παροξύνοντας
554 2975 633 3056 τοὺς
654 2968 777 3054 ἄλλους
805 2970 966 3051 ἅπαντας,
996 2971 1238 3058 λογιζομένους.
1269 2997 1299 3039 ει
1323 2969 1499 3052 Φίλιππος
1527 2972 1627 3058 λάβοι
1649 2981 1726 3043 καθ’
1748 2971 1839 3066 ἡμῶν
1866 2981 2018 3043 τοιοῦτον

283 3063 433 3217 ιντο
446 3048 1868 3236 :aalaureatuscertamusciratus
1884 3061 2018 3229 tlte

284 3231 326 3306 οὗ
344 3230 550 3325 ’τολμήσετες
571 3236 667 3302 Bene
683 3233 773 3301 dixit
787 3230 1035 3298 Demosthenes
1050 3238 1085 3296 et
1098 3252 1250 3313 neruosc,
1274 3232 1405 3313 melius,
1430 3232 1608 3299 simaeum
1628 3233 1745 3326 καιρδν
1767 3242 1846 3323 post
1867 3217 2018 3304 τοιοῦτον

285 3324 409 3391 deinde
424 3322 566 3409 ἑτοίμως
580 3331 659 3413 post
675 3321 783 3391 οἴεσθ’
798 3319 936 3386 delebis.
970 3320 1059 3386 Nam
1081 3320 1148 3386 etsi
1170 3326 1262 3384 recte
1284 3321 1446 3410 opposita
1469 3330 1549 3388 sunt
1570 3322 1628 3414 τὴν
1642 3318 1798 3413 ἀκαιρίαν
1818 3325 1878 3414 τὴν
1892 3322 2017 3395 ἐκείνου

282 3421 317 3480 et
338 3411 456 3501 καιρὸν
475 3408 645 3504 ὑμέτερον,
669 3434 757 3499 quae
779 3409 885 3475 uerba
905 3408 1021 3475 hiatus
1037 3407 1191 3475 euitandi
1215 3431 1317 3475 causa
1330 3432 1400 3475 non
1421 3433 1484 3498 per
1498 3411 1687 3479 chiasmum
1702 3414 1763 3498 qui
1778 3414 1905 3480 dicitur
1927 3414 2017 3481 ordi-

283 3503 390 3585 nauit
413 3508 529 3567 tamen
550 3502 693 3568 tertium
715 3499 878 3583 subsequi
892 3520 963 3564 non
978 3498 1098 3564 debuit
1120 3500 1248 3590 καιρόν,
1272 3499 1364 3585 quod
1386 3497 1487 3565 facile
1503 3502 1656 3589 suppleri
1672 3511 1793 3589 potest
1817 3504 2015 3591 praesertim

282 3614 362 3658 cum
384 3591 422 3656 in
444 3597 597 3657 extrema
619 3590 780 3679 §iterum
803 3594 985 3675 repetatur.
1019 3588 1256 3675 Repetitiones
1277 3588 1369 3654 enim
1384 3589 1537 3655 eiusdem
1552 3592 1647 3657 uocis
1662 3591 1761 3657 nobis
1784 3593 1923 3678 quidem
1946 3616 2016 3657 mo·

284 3682 388 3747 lestas
404 3682 562 3766 quamuis
577 3686 691 3748 orator
730 3679 906 3761 lorumque
917 3698 987 3742 non
998 3676 1162 3743 uitauerit
1178 3687 1292 3744 tamen
1308 3685 1416 3743 artem
1430 3678 1517 3744 bene
1537 3680 1699 3764 loquendi
1714 3702 1784 3746 non
1799 3682 1849 3747 ita
1864 3681 2015 3755 offendit,

284 3778 324 3835 ut
345 3768 566 3836 audientibus
587 3767 677 3835 nihil
705 3701 778 3833 lere
799 3766 1007 3851 relinqueret
1029 3765 1073 3831 ad
1095 3767 1325 3853 cogitandum.
1362 3766 1496 3832 Deinde
1518 3766 1661 3854 ἑτοίμως
1680 3769 1798 3836 addito
1818 3780 1930 3837 orator
1944 3773 2015 3837 uim
2055 3822 2057 3825 -

288 3865 322 3924 et
343 3859 417 3939 πῶς
437 3860 625 3945 particulae
650 3864 686 3924 et
708 3856 815 3922 totius
830 3855 1018 3920 sententiae
1040 3864 1131 3921 certe
1146 3856 1372 3938 diminuisset,
1395 3856 1488 3941 quod
1503 3880 1583 3923 sane
1598 3858 1718 3924 noluit.
1752 3859 1905 3941 Accedit
1926 3861 2017 3946 quod

283 3947 389 4013 etiam
409 3946 448 4012 in
470 3947 490 4035 ᾗ
509 3950 554 4014 26
576 3943 719 4031 ἑτοίμως
739 3944 984 4032 interpolatum
1007 3952 1067 4011 est.
1112 3946 1288 4011 Postremo
1317 3967 1360 4010 ne
1383 3946 1497 4012 exitus
1519 3947 1657 4033 quidem
1680 3948 1812 4035 periodi
1834 3959 1925 4016 recte
1948 3957 2015 4015 tra-

285 4036 378 4102 ditus
407 4034 494 4101 mihi
524 4036 662 4103 uidetur
691 4056 773 4100 esee.
817 4034 907 4099 Nam
930 4054 1136 4119 quamquam
1159 4034 1332 4121 Sauppius
1357 4036 1536 4102 statuendo
1560 4036 1763 4104 anacolutho
1785 4045 1820 4103 et
1843 4040 2017 4125 eleganter

281 4124 486 4213 explicando
506 4128 612 4190 ταῦτα
632 4123 752 4190 multis
772 4122 858 4189 uiris
874 4121 983 4189 doctis
1003 4122 1117 4187 omnia
1139 4145 1220 4188 uere
1235 4144 1308 4188 esse
1323 4122 1451 4189 tradita
1464 4126 1635 4211 persuasit
1650 4126 1804 4212 mihique
1826 4128 1921 4194 illam
1943 4151 2017 4215 per·

281 4213 506 4281 mutationem
518 4213 743 4297 negationum
754 4210 925 4297 quondam
935 4210 1146 4297 probauerat,
1160 4221 1274 4278 tamen
1285 4234 1377 4276 nuuc
1388 4215 1614 4301 corruptelam
1628 4216 1739 4281 inesse
1754 4224 1902 4283 statuere
1918 4217 2015 4299 malo,

283 4325 387 4390 quam
409 4301 567 4388 argutius
590 4301 769 4389 explicare,
792 4322 880 4386 qnae
902 4299 989 4366 uitio
1013 4299 1159 4385 quodam
1182 4300 1398 4367 librariorum
1421 4302 1542 4368 effecta
1564 4312 1653 4369 suut
1698 4304 1813 4383 Quid?
1841 4305 1885 4371 ad
1907 4303 1938 4374 εἰ
1959 4304 2017 4372 δδ-

283 4402 365 4458 ναιτ’
387 4389 550 4472 ἐκεῖνος
577 4411 691 4457 nonne
721 4389 893 4477 oppositio
924 4387 1090 4473 quaedam
1119 4390 1308 4456 necessaria
1338 4392 1411 4455 est?
1445 4392 1523 4457 Non
1554 4386 1653 4460 αὐτοί
1678 4392 1722 4458 ad
1750 4399 1854 4461 ταῦτα
1876 4397 2017 4484 ποιῆσαι

288 4477 482 4544 addendum
504 4477 665 4546 uidetur?
696 4486 737 4544 ut
766 4478 816 4544 sic
846 4477 1024 4564 scripsisse
1054 4477 1214 4545 uideatur
1242 4487 1370 4545 orator:
1400 4474 1430 4544 εἰ
1458 4471 1578 4569 paulli
1608 4476 1749 4548 πάθοιτ’
1770 4475 1820 4561 ἂν,
1842 4480 1872 4549 εἰ
1893 4479 2016 4552 δύναιτ’

285 4566 421 4649 ἐκεῖνος,
443 4567 548 4635 ταῦτα
568 4564 769 4657 ποιήσετε
790 4565 908 4655 καιρὸν
928 4563 1056 4648 ἔχοντες
1077 4560 1216 4647 crivot-
1261 4568 1335 4633 Hoc
1357 4567 1457 4634 modo
1480 4570 1589 4635 multo
1610 4568 1745 4634 facilius
1768 4570 1881 4636 locum
1904 4595 2017 4638 emen·

285 4654 429 4739 daueris,
454 4677 557 4741 quam
579 4657 610 4721 si
633 4655 801 4723 Gabatum
823 4657 879 4721 uel
901 4656 1138 4720 Meutznerum
1162 4664 1299 4722 secutus
1321 4656 1397 4722 eris.
1428 4657 1633 4744 Saepissime
1655 4658 1747 4723 enim
1769 4659 2017 4727 Demosthenes

284 4745 400 4831 ipsum
414 4744 503 4810 illud
516 4767 705 4833 pronomen
727 4745 765 4810 in
787 4744 882 4811 exitu
904 4744 1037 4832 periodi
1052 4744 1240 4825 collocauit
1257 4745 1325 4810 nisi
1341 4744 1433 4831 quod
1452 4739 1554 4813 αὐτοῦ
1571 4747 1608 4811 in
1623 4748 1718 4812 exitu
1734 4769 1780 4814 or.
1795 4750 1957 4839 xvms
1978 4753 2017 4815 14

284 4833 335 4899 ita
357 4854 440 4900 sono
463 4840 499 4899 et
520 4834 558 4899 ni
580 4842 681 4917 caret
705 4841 744 4899 ut
766 4834 885 4900 abesse
907 4832 995 4897 illud
1016 4834 1143 4900 malim.

392 4922 438 4999 Π,
462 4922 500 4986 8:
522 4915 567 5026 ὥς
588 4917 648 4990 οὐκ
669 4918 783 5012 ἀληθῆ
795 4924 885 4989 ταῦτ’
900 4921 963 5008 ἐγὼ
982 4921 1077 5008 λέγω,
1100 4914 1183 5008 ἢὼς
1197 4919 1232 4989 οἱ
1250 4921 1292 4989 τὰ
1314 4925 1417 5010 πρῶτ’
1441 4922 1683 5032 ἐξηπατημένοι
1695 4926 1737 4993 τὰ
1759 4926 1864 4995 λοιπὰ
1881 4928 2016 4998 πιστεδ-

281 5030 402 5075 σουσιν
422 5002 511 5098 ἢλώς
525 5029 557 5074 οι
572 5007 667 5098 παρὰ
681 5006 741 5096 τὴν
755 5004 864 5074 αδτιδν
878 5003 975 5086 ἀξίαν
995 5006 1237 5092 δεδουλωμένοι
1259 5008 1461 5075 Θετταλοὶ
1481 5011 1537 5074 νῦν
1559 5034 1618 5077 ουν
1632 5007 1672 5078 δν
1686 5009 1860 5104 ἐλεύθεροι
1885 5016 2017 5099 γένοιντ’
