4600 5634
1122 470 1143 532 9

261 660 384 751 λόγους
406 661 535 733 αὐτῶν
557 656 727 745 ἀνέξεσθε.
773 663 935 751 Suspicor
959 658 1065 732 αὐτῶν
1086 665 1201 730 nescio
1229 665 1319 729 unde
1344 666 1529 752 irrepsisse.
1587 669 1798 755 Quamquam
1830 673 1995 742 hocloco

261 753 347 819 certi
369 754 459 819 nihil
480 760 630 843 statuere
652 753 769 820 audac.

369 862 432 943 IX,
456 862 516 926 56:
551 854 634 938 άίςτε
654 857 711 926 τόν
733 864 760 948 γ’
776 854 1025 950 Ἀπολλωνίδην
1047 863 1103 929 καί
1125 857 1276 946 ἐκβαλεῖν
1298 856 1316 925 δ
1335 865 1440 951 δῆμος
1462 858 1573 930 ότῶν
1593 860 1818 933 Ὀλυνθίων
1839 867 1993 959 ἐπείσθη.

264 952 341 1017 'loti
372 950 454 1015 huic
480 950 554 1015 loco
583 949 763 1037 proposuit
792 958 919 1015 orator:
943 941 1025 1039 ἦσαν
1047 951 1081 1019 ἐν
1101 948 1254 1038 Ὀλύνθῳ
1276 973 1386 1036 neque
1410 952 1566 1017 discessit
1588 953 1632 1017 ab
1656 953 1758 1020 rebus
1781 956 1875 1023 illius
1898 959 1993 1027 urbis

262 1038 503 1105 describendis.
537 1038 605 1117 Qui
627 1038 736 1124 igitur
758 1038 832 1103 fieri
854 1040 977 1125 potuit,
1002 1047 1041 1105 ut
1056 1039 1100 1104 ad
1122 1034 1140 1103 ό
1163 1043 1266 1129 δῆμος
1288 1040 1426 1106 adderet
1449 1039 1468 1110 ό
1489 1044 1554 1108 τῶν
1574 1036 1767 1120 Ὀλυνθίων,
1791 1049 1887 1129 quasi
1911 1071 1994 1116 uero

263 1129 305 1195 de
326 1129 394 1195 elio
416 1129 544 1216 populo
567 1136 669 1194 antee
690 1128 825 1193 locutus
848 1128 915 1193 sit?
961 1129 1087 1216 Spurio
1109 1138 1191 1194 sunt
1213 1129 1318 1194 uerba
1340 1130 1402 1195 illa
1423 1153 1534 1216 neque
1557 1131 1795 1197 conseruando.

368 1236 485 1320 Atque
507 1242 547 1300 ut
569 1234 612 1300 ad
634 1235 821 1300 orationem
840 1235 990 1318 (XVIII)
1011 1236 1060 1300 de
1084 1257 1246 1301 corona
1268 1237 1420 1304 habitam
1444 1247 1620 1317 transeam,
1645 1237 1665 1324 ᾖ
1686 1240 1702 1302 1
1729 1240 1873 1326 legitur:
1895 1248 1993 1311 τοῖπο

264 1325 479 1409 παραστῆσαι
503 1321 581 1400 τοὺς
602 1321 704 1399 θεοὺς
724 1318 809 1404 ὑμῖν,
831 1318 877 1411 μὴ
898 1319 955 1386 τόν
977 1316 1142 1388 ἀντίδικον
1155 1319 1343 1408 σύμβουλον
1357 1323 1570 1415 ποιήσασθαι
1585 1327 1663 1412 περὶ
1685 1327 1745 1391 τοῦ
1767 1329 1839 1406 πῶς
1862 1322 1993 1397 ἀκούειν

265 1409 346 1497 όμᾶς
367 1408 450 1494 ἐμοῦ
472 1413 532 1488 δεῖ,
554 1406 641 1477 ἀλλὰ
661 1410 739 1488 τοὺς
760 1408 882 1493 νόμους
903 1407 959 1476 καί
980 1408 1038 1476 τόν
1059 1404 1160 1499 όρκον
1181 1411 1249 1481 κτλ.
1293 1412 1350 1477 Ad
1372 1413 1464 1479 hunc
1487 1413 1598 1479 locum
1621 1415 1800 1481 adnotauit
1822 1416 1992 1484 Blassius:

261 1504 401 1587 „Castor
415 1497 532 1567 omisit
551 1496 645 1583 ὑμᾶς.
667 1497 783 1563 nescio
798 1520 842 1563 an
857 1498 980 1563 melius
996 1497 1112 1563 absit,''
1146 1500 1261 1582 Recte,
1286 1508 1325 1565 ut
1343 1502 1429 1567 mihi
1446 1502 1591 1583 uidetur,
1609 1503 1668 1568 sed
1683 1501 1795 1587 miror,
1813 1506 1904 1591 quod
1919 1530 1989 1574 non

261 1594 343 1657 item
364 1588 447 1673 ἐμοῦ
466 1593 546 1677 post
566 1583 651 1672 ὑμᾶς
679 1587 845 1652 remoueri
876 1588 958 1652 uolt.
1011 1588 1069 1651 An
1100 1608 1169 1652 non
1199 1590 1405 1673 generaliter
1435 1591 1477 1656 de
1508 1590 1622 1657 officio
1652 1591 1806 1659 iudicum
1837 1596 1992 1682 loquitur

262 1678 394 1747 orator?
416 1680 489 1757 πῶς
510 1698 632 1746 sonum
654 1675 758 1741 habet
773 1677 1019 1759 uehementem,
1044 1675 1135 1762 quod
1158 1674 1233 1740 fieri
1256 1699 1326 1742 non
1348 1688 1471 1765 potest,
1494 1680 1560 1746 nisi
1585 1678 1669 1764 ὑμᾶς
1691 1679 1774 1765 ἐμοῦ
1794 1687 1991 1753 remoueris.

261 1768 329 1836 ufr.
352 1768 372 1856 ξ
395 1768 432 1831 6;
455 1759 595 1835 ἀκοῦσαι
615 1778 690 1848 μου,
712 1763 773 1830 ubi
789 1772 901 1832 orator
916 1787 1003 1851 quae
1022 1765 1182 1830 uniuersa
1198 1765 1291 1848 dixit,
1315 1766 1359 1832 ad
1382 1790 1418 1832 se
1441 1768 1566 1834 referre
1582 1769 1703 1855 coepit.
1738 1771 1883 1839 Accedit
1898 1776 1990 1861 quod

260 1859 344 1924 talia
378 1856 575 1943 saepissime
607 1853 810 1941 interposita
844 1862 925 1919 sunt
958 1879 978 1920 a
1011 1853 1252 1941 grammaticis.
1302 1856 1421 1922 Ueluti
1456 1878 1517 1923 suo
1552 1858 1624 1923 iure
1659 1858 1814 1926 Blassius
1848 1864 1884 1927 in
1911 1866 1931 1951 ξ
1954 1868 1992 1930 3;

263 1937 360 2025 οὗτος
374 1942 440 2012 δ’ἐκ
454 1941 651 2035 περιουσίας
666 1948 842 2062 και-γγορεῖ
862 1943 991 2010 deleuit
1010 1969 1076 2029 μου
1091 1952 1171 2008 ante
1191 1950 1369 2034 κατηγορεῖ
1389 1948 1514 2012 multos
1527 1955 1663 2012 secutus
1675 1948 1862 2036 locupletes
1877 1961 1991 2037 testes,

260 2049 297 2113 in
313 2042 404 2132 §242
427 2032 504 2106 οὔτε
517 2039 583 2106 τῶν
596 2029 706 2105 ἀλλων
720 2066 764 2106 ων
778 2037 995 2130 κατεψεύσω*
1011 2033 1108 2108 οὐδὲν
1121 2035 1163 2107 άλ
1188 2041 1249 2121 θὲς
1271 2036 1308 2107 όν
1329 2043 1414 2108 item
1434 2069 1500 2129 μου
1521 2054 1600 2130 post
1620 2042 1837 2133 κατεψεύσω*
1859 2050 1992 2119 hiatum

260 2131 453 2220 respiciens.
500 2127 626 2194 Confer
655 2128 759 2194 etiam
788 2125 850 2194 hos
881 2128 981 2213 locos,
1013 2129 1139 2216 quibus
1161 2134 1246 2214 υμᾶς
1268 2130 1380 2197 deleto
1403 2155 1522 2198 sensus
1545 2133 1761 2199 emendatur:
1791 2138 1871 2225 §62
1904 2135 1991 2210 ἀλλὰ

263 2222 318 2291 καὶ
340 2224 386 2310 τῷ
406 2217 483 2296 τοὺς
511 2214 704 2299 δικάζοντας
726 2213 855 2304 (ὑμᾶς)
889 2213 1109 2306 όμωμοκέναι,
1144 2221 1164 2309 ξ
1201 2220 1250 2303 17,
1285 2221 1345 2287 ubi
1380 2231 1459 2308 post
1490 2218 1674 2313 ἀναμνῆσαι
1708 2247 1785 2290 cum
1818 2232 1848 2292 Σ
1877 2252 1927 2316 pr.
1963 2233 1991 2298 L

262 2318 351 2378 recte
380 2308 554 2375 omittitur
583 2304 677 2391 ὑμᾶς.
721 2305 790 2374 afr.
820 2307 914 2395 §3I,
946 2332 1047 2397 quem
1078 2309 1191 2375 locum
1214 2331 1282 2375 non
1311 2312 1504 2397 praeteribo
1532 2312 1617 2397 quin
1643 2313 1856 2398 admoneam,
1885 2326 1925 2384 ut
1953 2321 1989 2386 in

263 2402 282 2489 ξ
315 2402 334 2467 λ
376 2394 405 2468 εί
431 2394 492 2485 τὴν
520 2402 584 2464 τεόν
615 2394 809 2477 δικαζόντον
836 2393 974 2478 ἕκαστος
1001 2393 1110 2483 ὑμῶν
1145 2397 1264 2464 eodem
1298 2399 1372 2464 iure
1410 2394 1502 2484 ὑμῶν
1541 2423 1788 2485 remoucamus,
1829 2408 1989 2491 quoniam

262 2492 340 2557 Solo
370 2485 509 2555 omnino
540 2487 582 2552 de
611 2484 783 2551 iudicibus
813 2486 979 2569 quaedam
1008 2487 1237 2575 praescripsit,
1269 2510 1338 2554 non
1368 2487 1410 2553 de
1440 2487 1613 2556 iudicibus
1635 2490 1884 2579 Demosthenis
1908 2496 1991 2564 item

259 2576 349 2666 ὑμῖν
371 2587 449 2666 post
471 2570 630 2645 ἀπιστῶν.
664 2575 786 2660 Neque
801 2574 839 2640 in
854 2576 873 2663 ξ
889 2577 933 2643 42
950 2577 1070 2643 dubito
1087 2578 1172 2663 quin
1193 2572 1269 2661 ὑμῖν
1289 2586 1369 2644 ante
1391 2571 1661 2666 ἀπαγγειλάντων
1684 2580 1794 2646 eidem
1818 2582 1988 2670 debeatur,

258 2668 319 2754 qui
350 2668 388 2732 id
410 2666 502 2752 quod
528 2686 644 2732 omnes
667 2664 857 2731 concedunt
878 2667 926 2756 τῷ
950 2661 1112 2755 Φιλίππῳ
1133 2674 1213 2754 post
1234 2665 1477 2753 μισθωσάντων
1498 2664 1618 2747 αὐτούς
1639 2668 1773 2735 adiecit.

368 2774 388 2862 ξ
411 2775 447 2838 3:
471 2766 509 2840 οὐ
523 2772 586 2862 γάρ
601 2770 688 2845 ἐστιν
703 2768 777 2838 λ’σσν
788 2776 843 2839 νῦν
854 2770 998 2863 ἕμσίεῖγς
1010 2776 1089 2861 παρ’
1103 2768 1193 2857 ὑμῶν
1209 2768 1342 2854 εάνοίας
1356 2775 1561 2864 διαμαρτεῖν.
1577 2776 1633 2841 καί
1648 2770 1754 2889 τούτῳ
1767 2774 1814 2866 μὴ
1831 2773 1917 2845 ἑλεῖν
1930 2780 1991 2871 τὴν
2058 2774 2060 2776 ’

257 2863 399 2982 γραφήν,
419 2862 490 2936 ἀλλ’
505 2866 573 2975 ἑγιῖγ
591 2870 652 3022 μὲν
666 2859 772 3021 -Ι-ῧὶνέζ
781 2863 948 2969 βούλομαι
970 2867 1124 3021 δβσὶερὲς
1145 2861 1533 3022 εένὲεῖῒνωβέμχόμενοςιτσῦ
1554 2863 1785 3022 λόὶγοᾶνπσυτυος
1806 2872 1991 3029 δὲῶπὲςζ

258 2980 629 3135 ὈσὈὲάάόάγάεμίρμ.
642 2979 714 3129 lIOX,
734 2979 859 3112 1001ῃο
865 2978 1047 3132 είγῗδίθλιλν,
1059 2979 1163 3154 oppos}
1179 2978 1222 3111 eir)
1236 2982 1484 3112 meadbhlidrii
1497 2983 1617 3113 ἀδάητα.
1653 2980 1787 3113 Iliellmbll
1808 2974 1990 3119 lectidnerh)

257 3138 437 3223 Herpoer.:
458 3134 522 3224 ἐγώ
535 3137 598 3220 μὲν
612 3133 769 3226 περὶτῶν
783 3132 930 3217 ἐσχάτων
951 3135 1126 3201 κινδυνεοω
1140 3143 1277 3221 —post
1297 3130 1465 3221 βούλομαι
1489 3135 1588 3202 omisi
1610 3134 1648 3201 δὲ
1670 3158 1747 3201 curn
1770 3159 1820 3223 pr.
1842 3143 1872 3203 Σ
1884 3164 1932 3229 γρ.
1948 3146 1987 3218 Β,

257 3225 354 3293 codd
380 3226 494 3292 Hevn.
516 3227 592 3290 Par.
627 3226 654 3290 1.
684 3226 714 3289 2.
744 3223 931 3291 Herodiani
956 3224 1002 3290 W
1024 3223 1123 3289 VIII.
1145 3224 1222 3288 595.
1244 3222 1339 3289 codd
1363 3225 1440 3289 Vat.
1464 3225 1552 3291 Med
1582 3247 1632 3311 pr.
1663 3226 1738 3292 Par.
1762 3225 1893 3293 Tiberii
1915 3228 1939 3295 l.
1961 3253 1988 3296 c.

257 3315 330 3382 cod
352 3316 386 3381 R
408 3315 511 3382 schol
538 3314 634 3380 Deua
657 3337 689 3400 p.
713 3314 757 3378 38
781 3313 846 3378 Dd.
871 3313 998 3399 <Aquis
1020 3314 1234 3394 Romuli).
1270 3312 1473 3379 Isidorus
1497 3313 1738 3380 Pelusinus
1762 3308 1846 3383 ἀλλ’
1870 3311 1991 3387 οὐδὲν

254 3412 286 3490 β.
308 3405 463 3561 (longia
491 3400 599 3473 εἰπεῖν
626 3403 752 3489 legisse
782 3402 920 3468 uidetur
950 3410 1012 3468 etc.
1034 3442 1080 3449 —
1101 3394 1208 3483 οὐδὲν,
1232 3401 1324 3487 quod
1354 3400 1615 3488 posteritates.
1639 3404 1802 3489 sequitur,
1826 3426 1890 3470 om
1914 3408 1990 3473 Par.

255 3501 290 3560 et
313 3493 363 3559 ed.
422 3495 463 3560 al.
487 3492 618 3559 Tiberii
641 3504 702 3557 etc.
725 3533 769 3540 —
792 3492 887 3557 Haec
909 3491 1024 3557 omnia
1047 3490 1107 3576 qui
1136 3489 1228 3556 inter
1258 3514 1293 3556 se
1325 3493 1580 3579 comparauerit,
1612 3491 1650 3555 in
1672 3494 1768 3559 nullo
1791 3492 1907 3560 codice
1929 3506 1990 3562 aut

256 3583 343 3650 libro
366 3590 497 3649 rectum
520 3589 580 3648 aut
601 3603 722 3647 uerum
745 3581 910 3648 traditum
932 3603 1006 3647 esse
1021 3578 1192 3648 concedet
1225 3581 1348 3665 Itaque
1370 3581 1532 3667 reliquias
1555 3581 1632 3646 illas
1656 3581 1705 3647 ita
1727 3583 1989 3669 coniungerent

256 3673 425 3758 legamus:
458 3664 540 3738 ἀλλ’
571 3664 689 3738 οὐδὲν
717 3668 927 3757 βούλομαι
948 3668 1144 3757 δυσχερὲς
1165 3663 1303 3735 εἰπεῖν
1325 3662 1567 3758 ἀρχόμενος,
1598 3670 1768 3755 optimum
1798 3672 1885 3738 mihi
1915 3697 1988 3741 esse

257 3759 400 3827 uidetur.
445 3762 533 3827 Nam
555 3759 647 3845 quod
668 3760 731 3848 ἐγώ
752 3759 812 3844 μὲν
834 3760 890 3827 uel
912 3757 989 3843 ἐμοὶ
1007 3759 1068 3843 μὲν
1089 3758 1334 3843 interpolatum
1349 3766 1409 3841 est,
1424 3780 1493 3825 non
1509 3759 1621 3841 miror,
1644 3759 1726 3845 quia
1741 3763 1912 3828 sententia
1926 3787 1983 3829 ex-

256 3850 473 4002 spectabatur
494 3849 605 3915 ueluti
628 3850 665 3916 in
691 3852 711 3938 ς’
735 3851 785 3916 10.
829 3849 896 3917 Sed
912 3848 1074 3934 quoniam
1096 3847 1138 3912 de
1162 3869 1199 3911 se
1220 3854 1340 3932 postea
1362 3848 1537 3913 locuturus
1561 3856 1641 3931 erat,
1667 3848 1754 3914 illud
1777 3855 1985 3919 consulto

254 3960 275 4002 a
325 3946 455 4007 oratore
477 3940 642 4005 omissum
664 3939 802 4006 uidetur
826 3962 899 4007 esse

361 4045 381 4133 ξ
401 4048 440 4114 4:
463 4044 528 4126 ό,τι
549 4041 619 4113 δ’ἀν
639 4043 677 4119 τὸ
702 4051 825 4134 πρᾶγμ’
848 4040 916 4115 ate
932 4037 1108 4133 ἀναγκάζῃ,
1131 4040 1281 4110 τούτου
1303 4045 1361 4136 τὴν
1383 4039 1492 4112 αἰτίαν
1513 4033 1634 4125 οὗτός
1656 4047 1726 4113 ἐστι
1750 4046 1881 4125 δίκαιος
1903 4043 1988 4129 &aaa

253 4130 272 4197 ό
302 4142 455 4203 τοιοῦτον
485 4126 579 4221 ἀγῶν’
608 4133 684 4200 ἐνστ
705 4132 856 4219 σάμενος.
909 4135 1063 4202 Blessius
1093 4133 1131 4198 in
1162 4131 1392 4219 suspicionem
1422 4134 1560 4201 uocauit
1588 4131 1718 4211 τοότου,
1748 4137 1835 4201 nam⁷
1865 4133 1984 4202 τούτου

252 4246 316 4289 om.
340 4226 443 4311 Greg.
466 4227 541 4291 0οε.
565 4225 611 4290 W
633 4162 712 4301 Vll,
739 4226 840 4308 13003
872 4225 917 4290 id
947 4223 1053 4288 habet
1074 4217 1205 4299 δίκαιός
1227 4221 1315 4288 ἐστιν
1337 4210 1445 4302 οὗτος.
1488 4224 1541 4288 Ex
1573 4246 1640 4309 qua
1669 4246 1706 4288 re
1736 4224 1822 4289 mihi
1846 4223 1985 4308 quidem

251 4334 414 4400 apparere
443 4314 590 4396 uidetur,
620 4333 690 4377 uon
709 4309 830 4380 εοότοο
853 4335 926 4378 esse
956 4309 1192 4392 omittendum,
1223 4312 1283 4377 sed
1306 4302 1411 4391 οὗτος,
1435 4333 1513 4377 cum
1544 4312 1744 4400 praesertim
1775 4312 1824 4378 sic
1854 4313 1984 4399 optime

253 4403 444 4470 subiectum
473 4403 511 4468 in
541 4402 637 4467 exitu
666 4400 799 4488 periodi
828 4408 984 4504 ponatur.
1039 4400 1253 4485 Quamquam
1284 4401 1322 4465 iu
1351 4400 1557 4467 cumulando
1588 4401 1653 4468 hoc
1682 4401 1884 4487 pronomine
1914 4410 1984 4468 tarn

252 4493 380 4559 multus
402 4502 475 4559 erat
489 4500 609 4575 orator,
633 4500 674 4556 ut
687 4490 761 4556 sine
784 4489 861 4556 aliis
876 4489 1016 4556 auxiliis
1038 4488 1123 4555 certi
1138 4487 1228 4553 nihil
1251 4497 1430 4556 statuatur.
1465 4490 1557 4569 Quid
1573 4489 1664 4577 quod
1687 4493 1743 4556 uel
1766 4492 1803 4557 in
1826 4490 1983 4575 Isocrate,

251 4578 388 4647 bomine
401 4604 553 4648 summae
569 4579 759 4668 elegantiae
770 4579 941 4661 orationis,
953 4578 1089 4661 XVIII,
1104 4579 1146 4644 14
1157 4578 1368 4645 inuenimus:
1391 4573 1431 4645 οὐ
1452 4578 1560 4667 τούτῳ
1580 4584 1681 4648 casco
1701 4578 1879 4671 τεκμήριόν
1893 4580 1983 4648 ἐστιν

249 4670 322 4743 (cfr.
337 4670 533 4738 Volkmann
546 4668 687 4736 Rhetor.
702 4693 735 4757 p.
750 4671 839 4751 518).
868 4670 937 4737 cfr.
952 4668 1045 4756 apud
1060 4668 1101 4734 D.
1116 4668 1137 4756 ξ
1152 4669 1174 4733 5
1190 4674 1226 4734 et
1239 4669 1269 4751 6,
1292 4667 1331 4733 in
1346 4668 1471 4754 quibus
1493 4675 1563 4734 tam
1584 4690 1686 4770 saepe
1709 4656 1806 4748 οὗτος
1827 4669 1982 4753 occurrit,

249 4768 289 4825 ut
311 4781 355 4824 ne
378 4760 408 4824 si
427 4764 526 4828 τοῦτο
546 4768 627 4826 ante
648 4756 814 4848 σνμβαίννγ
833 4759 929 4825 illius
950 4780 988 4826 re
1013 4757 1167 4824 etitionis
1190 4756 1355 4823 leuandae
1377 4778 1479 4823 causa
1501 4758 1667 4824 deleuens
1690 4757 1829 4842 quidem
1852 4758 1983 4844 aliquid

248 4847 416 4934 proficias.
460 4848 529 4915 Sed
550 4849 589 4914 in
615 4849 635 4937 ξ
660 4849 703 4913 10
725 4828 825 4916 oredo
847 4782 1113 4917 Demosthenem
1135 4866 1205 4913 non
1228 4845 1412 4932 scripsisse,
1436 4848 1528 4932 quod
1550 4848 1721 4933 legamus:
1755 4842 1785 4913 εί
1805 4848 1843 4915 δὲ
1864 4847 1982 4933 πσλλεῖ

248 4936 371 5021 βελτίω
392 4933 542 5005 τούτου
563 4938 622 5005 καί
641 4938 679 5007 lx
701 4934 888 5021 βελτιόνων,
918 4938 978 5004 σεδ
998 4932 1121 5004 τούτου
1141 4945 1262 5025 postea
1291 4957 1365 5001 esse
1395 4936 1606 5023 insculptum
1634 4935 1677 5002 ab
1705 4934 1842 5001 homine
1865 4935 1981 5020 aliquo

248 5026 309 5111 qui
324 5025 505 5113 ignorabat
519 5025 719 5112 genetiuum
733 5027 974 5114 pronominum
995 5015 1092 5104 οὗτος
1113 5035 1148 5093 et
1169 5026 1294 5106 ἐκεῖνος
1308 5047 1370 5112 pro
1397 5016 1419 5115 ἤ
1440 5026 1591 5113 positum
1608 5032 1688 5091 ante
1711 5026 1981 5113 comparatiuum

1751 5133 1770 5186 2
