4600 5634
1145 470 1166 534 ‘l

279 672 443 738 hocloco
465 668 535 733 1111
556 668 645 736 ἐστιν
665 676 743 755 post
764 658 811 733 ὦν
833 676 868 732 11
885 662 1093 753 Ἀμφίπολις
1113 665 1202 731 nihil
1225 666 1262 730 in
1285 664 1515 752 suspicionem
1536 665 1688 754 uocauit.⁸
1726 667 1768 731 In
1787 667 1848 735 illo
1863 671 2021 754 quamuis

280 760 426 826 dubium
457 758 505 824 sit
535 757 697 841 quoniam
728 756 865 842 quando
895 754 1068 821 addiderit
1098 764 1213 821 orator
1242 754 1399 844 copulam
1429 754 1566 839 quando
1596 754 1749 821 011111111
1778 757 1879 843 plane
1909 759 2021 825 adhuc

284 851 452 915 nescimus
469 845 542 931 (111.
558 868 645 931 quae
667 846 705 910 in
721 852 973 933 programmate
996 844 1057 910 illo
1072 844 1114 909 de
1138 844 1202 909 hac
1224 865 1261 908 re
1276 852 1320 933 (p.
1337 843 1392 925 14)
1412 843 1575 930 exposui),
1600 851 1714 910 tamen
1729 846 1909 913 assentior:
1932 848 2020 914 nihil

284 946 335 1004 est
349 938 442 1003 enim
457 944 529 1001 tam
542 935 723 1000 molestum
739 956 842 1020 quam
858 934 919 1000 illa
934 933 1039 999 uerba
1054 932 1191 1020 saepius
1200 956 1237 998 re
1263 935 1356 1000 etita.
1378 933 1422 997 In
1433 930 1498 997 hoo
1510 940 1625 998 autem
1637 933 1791 999 Blassius
1805 935 1933 1003 iudicio
1946 961 2021 1004 meo

281 1050 349 1093 uon
365 1028 450 1094 eatis
465 1023 651 1111 respondit,
667 1024 869 1110 praesertim
886 1045 963 1088 cum
979 1044 1110 1088 comma
1125 1028 1205 1108 post
1226 955 1370 1107 «licitam
1392 1022 1554 1107 posuerit.
1590 1021 1689 1100 Quod
1711 1018 1853 1116 ὑμέτερα
1875 1032 1909 1091 11
1929 1021 2022 1112 ὑμεῖς

281 1117 462 1198 κομιεῖσθε
482 1134 690 1198 quamquam
720 1112 811 1178 idem
842 1113 959 1178 ualent
989 1120 1104 1177 tamen
1135 1109 1336 1198 composuit,
1368 1132 1447 1175 eane
1471 1111 1582 1193 miror,
1607 1133 1685 1177 cum
1707 1114 1908 1199 praesertim
1929 1108 2022 1197 ὑμεῖς

282 1201 518 1288 significanter
541 1202 692 1288 positum
708 1201 763 1267 sit.
794 1202 915 1287 Neque
933 1201 1048 1267 minus
1063 1201 1197 1281 mirum,
1215 1199 1307 1285 quod
1329 1205 1382 1263 tot
1403 1199 1524 1265 breues
1547 1199 1696 1286 syllabas
1719 1199 1753 1281 (d
1768 1197 1925 1288 πόλεμος,
1942 1200 2020 1288 ὑμέ-

279 1300 380 1383 τερα)
404 1312 609 1377 quamquam
640 1291 751 1377 legem
786 1290 881 1356 illam
904 1282 1118 1359 Blelssianam
1148 1310 1218 1354 non
1249 1287 1372 1354 uiolari
1399 1288 1546 1354 concedo
1574 1289 1766 1375 relinquere
1789 1292 1909 1358 uoluit.
1955 1294 2020 1358 His

280 1380 394 1445 causis
422 1388 597 1466 permotus
628 1379 783 1467 suspicor
812 1380 989 1467 scripsisse
1018 1386 1200 1445 oratorem:
1238 1375 1292 1444 ὅτι
1313 1378 1460 1445 ἐνταῦθα
1491 1379 1552 1462 μὲν
1579 1370 1702 1461 τᾶθλα,
1734 1376 1822 1471 ὑπὲρ
1845 1371 1891 1448 ὦν
1912 1377 1930 1447 ό
1955 1379 2019 1449 πό-

285 1472 391 1555 λεμος,
424 1463 485 1536 κᾶν
513 1469 640 1559 ληφθῇ,
672 1472 861 1558 παραχρῆμ’
884 1467 978 1554 ὑμεῖς
1006 1474 1192 1552 κομιεῖσθε·
1236 1466 1354 1532 Facile
1383 1476 1435 1531 est
1466 1467 1509 1531 ad
1531 1467 1801 1554 intellegendum
1832 1471 2020 1559 cupiditate

285 1558 433 1625 membra
448 1558 571 1623 melius
592 1557 788 1645 opponendi
803 1567 906 1644 atque
928 1552 1043 1625 τᾶθλα
1065 1555 1262 1643 explicandi
1284 1552 1426 1644 ὑμέτερα
1448 1562 1482 1620 11
1498 1552 1706 1645 Ἀμφίπολις
1728 1558 1933 1645 interpolata
1948 1583 2020 1625 1111

284 1658 384 1733 atque
405 1643 477 1716 ἐστι’
498 1646 586 1713 uitio
617 1647 733 1733 aliquo
765 1645 819 1712 bis
850 1649 887 1714 in
917 1654 1052 1712 textum
1082 1668 1155 1711 esse
1186 1653 1372 1732 receptum.
1417 1645 1537 1729 Neque
1569 1646 1606 1711 in
1636 1646 1685 1712 eis
1713 1669 1799 1732 quae
1829 1658 2021 1733 sequuntur

281 1737 396 1803 omnia
502 1735 614 1802 icione
639 1744 763 1802 carent.
793 1730 879 1805 ῖδισι
899 1738 937 1801 in
953 1735 1103 1801 editione
1118 1758 1194 1800 mea
1208 1733 1307 1799 uncis
1323 1733 1455 1814 seclusi,
1478 1755 1589 1818 neque
1610 1731 1809 1825 Λάμψακος
1822 1775 1865 1788 -
1878 1740 2022 1806 συλῶσιν

280 1826 366 1891 bene
398 1848 422 1910 q
528 1833 568 1890 11
597 1824 642 1890 ad
662 1828 780 1892 τοῦτον
800 1822 858 1893 τὸν
879 1820 1029 1909 πόλεμον
1051 1822 1143 1910 quod
1173 1832 1226 1889 111
1252 1823 1290 1887 11
1320 1820 1476 1909 11111οξ;
1503 1844 1710 1908 quemquam
1739 1825 1777 1890 in
1806 1833 1878 1892 tam
1906 1826 2020 1892 dubiis

283 1915 387 1980 rebus
412 1913 496 1998 quid
520 1921 670 1980 statuere
694 1935 876 2001 possumus
899 1912 1005 1979 certi?

369 2020 434 2101 111,
459 2021 495 2085 l:
529 2018 759 2108 ἐκπολεμῆσαι
788 2021 856 2089 δεῖν
878 2014 1019 2108 ᾠόμεθα
1047 2016 1125 2098 τοὺς
1156 2012 1360 2105 ἀνθρώπους
1380 2017 1417 2083 ἐκ
1446 2016 1571 2097 παντός
1600 2015 1738 2108 τρόπου·
1768 2024 1824 2090 καὶ
1852 2013 1871 2090 'd
1896 2020 2019 2105 πάντες

279 2110 457 2198 ἐθρύλουν,
490 2111 684 2199 πέπρακται
713 2111 784 2178 νυνὶ
811 2111 907 2175 τοῦθ’
931 2101 1163 2198 ὁπωςδήπστε.
1208 2108 1265 2173 Sic
1280 2106 1373 2173 Weil
1389 2105 1480 2170 hunc
1503 2107 1616 2173 locum
1632 2109 1818 2193 constituit,
1842 2111 1910 2178 1111
1927 2114 2019 2197 quod

282 2199 530 2282 ἐκπολεμῶσαι
558 2195 717 2285 praefert.
752 2198 906 2264 Blassius
929 2194 1021 2262 hunc
1044 2197 1082 2263 11
1103 2197 1244 2263 modum
1267 2196 1379 2261 locum
1406 2195 1569 2262 mutauit:
1599 2195 1637 2264 ἔκ
1658 2197 1783 2280 παντὸς
1802 2197 1941 2289 τρόπου,
1964 2202 2019 2269 καὶ

282 2288 431 2367 ἅπαντες
453 2284 617 2375 ἐθρύλουν
637 2289 747 2353 τοῦτο·
769 2283 962 2374 πέπρακται
991 2286 1061 2355 νυνὶ
1091 2290 1186 2360 τοῦθ’
1213 2279 1443 2373 ὁπωςδήποτε,
1470 2283 1557 2351 hane
1579 2293 1696 2352 notam
1710 2287 1853 2355 addens:
1875 2289 2021 2374 ἅπαντες

286 2378 360 2463 ε’θρ.
382 2376 483 2442 τοῦτο
504 2400 554 2464 pr.
576 2383 606 2443 Σ
626 2382 721 2459 (corr.
744 2365 763 2441 ὃ
787 2370 910 2454 πάντες
931 2382 967 2440 11
988 2375 1052 2441 del.
1073 2380 1188 2453 τοῦτο)
1211 2373 1303 2439 idem
1324 2381 1353 2440 Σ
1373 2395 1468 2439 mox:
1498 2372 1566 2441 νυνὶ
1586 2377 1704 2445 voires
1726 2370 1746 2442 b*
1768 2376 1890 2457 πάντες
1911 2375 1961 2447 ἕθ
1983 2376 2019 2448 ύ-

287 2465 366 2533 λουν
385 2461 476 2545 τέως,
498 2468 599 2533 τοῦτο
621 2473 656 2531 11
679 2488 757 2533 mox
780 2488 845 2532 om.
867 2464 966 2531 τοῦτο
990 2493 1018 2533 υ.
1061 2464 1127 2530 Η11
1158 2462 1298 2529 auxiliis
1328 2484 1410 2528 usus
1433 2462 1513 2528 uide
1536 2485 1579 2528 ne
1602 2465 1725 2530 melius
1748 2465 1892 2532 scribas:
1920 2494 1977 2535 και
1999 2463 2018 2534 ὃ

285 2550 407 2632 πάντες
428 2550 595 2639 ἐθρύλουν
614 2551 722 2627 τότε,
746 2552 940 2644 πέπρακται
972 2551 1042 2622 νυνὶ
1072 2557 1171 2622 τοῦθ’
1194 2548 1426 2640 όπιυςδὴπστε,
1456 2560 1495 2616 ut
1528 2551 1587 2617 fiet
1609 2554 1780 2640 oppositio
1810 2566 1907 2641 grata
1930 2557 2020 2622 inter

281 2642 503 2713 sicestria.

385 2748 450 2831 ΙΠ,
477 2751 534 2814 15:
564 2748 619 2816 καὶ
649 2746 711 2860 γὰρ
742 2745 849 2818 εἰπεῖν
876 2747 918 2815 τὰ
949 2745 1068 2816 δέοντα
1091 2766 1182 2835 παρ’
1207 2743 1297 2832 ὑμῖν
1319 2736 1477 2824 sisamoi
1500 2739 1720 2835 ἅνδρεςᾌθ,
1751 2750 1938 2837 δυνάμενοι,
1962 2755 2017 2821 κατ’

279 2838 401 2985 ζῶναι
423 2830 556 2902 πάντων
576 2830 670 2920 ὑμεῖς
691 2831 846 2918 οξίπσιτοι
867 2833 909 2902 τὰ
925 2831 1083 2922 ῥηθέντα,
1106 2834 1163 2901 καί
1179 2833 1306 2923 πρᾶξαι
1328 2832 1365 2900 δὲ
1386 2826 1572 2919 δυνήσεσθε
1587 2837 1650 2912 νῦν,
1673 2832 1731 2902 ἐὰν
1751 2830 1867 2926 ὀρθῶς
1890 2843 2017 2928 ποιῆτε,

312 2921 435 2988 lessius
456 2929 487 2989 Σ
506 2923 657 2989 codicem
681 2931 818 2991 secutus
841 2924 970 2990 deleuit
994 2917 1084 2991 εἰσιν.
1121 2921 1190 2988 Sed
1211 2928 1347 3007 praeter
1369 2918 1456 2984 illud
1479 2928 1531 2985 est
1547 2942 1614 3006 quo
1637 2920 1797 2990 offendar.
1832 2927 1902 2991 Cur
1924 2928 2016 2992 enim

280 3008 442 3078 hocloco
465 3011 648 3078 discrimen
680 3013 802 3080 statuit
833 3022 946 3079 orator
975 3013 1066 3076 iuter
1096 3018 1245 3077 oratores
1276 3017 1310 3075 et
1333 3009 1426 3074 ciues
1449 3008 1686 3093 Athenienses,
1718 3013 1810 3098 quod
1832 3015 1909 3080 aliis
1933 3018 2016 3081 loeis

280 3106 371 3164 recte
401 3122 471 3166 non
503 3103 625 3168 statuit
648 3104 707 3169 afr.
730 3104 776 3185 H,
803 3103 853 3168 12.
876 3103 936 3167 VI.
959 3103 989 3167 3.
1012 3101 1073 3183 VI,
1096 3100 1157 3165 2‘1:
1184 3092 1256 3166 ἀλλ’
1287 3095 1380 3182 ὑμεῖς
1409 3096 1441 3165 oi
1472 3097 1528 3164 καὶ
1557 3102 1720 3181 συνιέντες
1745 3098 1842 3169 αὑτοὶ
1869 3107 1923 3172 καὶ
1952 3112 2018 3171 τῶν

281 3185 445 3274 λεγόντων
467 3183 644 3270 ἀκούοντες
665 3185 767 3280 ἡμῶν.
804 3191 891 3257 Nem
908 3189 1078 3256 sententia
1097 3187 1237 3275 grauior
1251 3187 1390 3252 uidetur
1404 3208 1484 3267 csse,
1508 3187 1538 3253 11
1554 3188 1656 3254 etiam
1679 3210 1759 3276 παρ·
1781 3186 1855 3275 ὑμῖν
1877 3193 2016 3260 delebis.

281 3275 357 3343 Hoc
381 3276 474 3342 enim
490 3287 582 3432 puto
606 3302 685 3345 eum
710 3280 822 3345 dicere
838 3280 1003 3345 uoluisse:
1024 3273 1115 3359 ‘Vos
1139 3275 1368 3342 Athenienses
1392 3275 1503 3361 etqui
1526 3276 1627 3342 utilia
1646 3277 1768 3344 dicetis
1791 3282 1899 3366 etqui
1925 3284 2016 3349 <licta

280 3365 489 3453 comprehen
513 3368 580 3433 atis
602 3377 740 3456 praeter
762 3376 890 3435 ceteros
913 3367 1027 3434 idonei
1051 3367 1150 3433 estis:
1174 3365 1331 3451 poteritis
1355 3364 1459 3430 etiam
1481 3386 1582 3451 agere
1605 3374 1708 3453 atque
1730 3367 1882 3435 efficere)
1918 3373 2015 3450 Quod

287 3454 409 3521 sinon
455 3455 562 3540 robes,
587 3458 755 3541 quomodo
777 3457 864 3523 bene
887 3479 1000 3523 careas
1022 3453 1145 3522 πολλοὶ
1166 3460 1246 3542 post
1267 3449 1469 3537 δυνάμ1111
1498 3453 1557 3521 111.
1581 3455 1684 3521 etiam
1706 3457 1843 3544 Sauppe
1867 3482 1918 3546 ep.
1942 3462 2014 3526 1111.

286 3564 319 3629 p.
343 3544 403 3609 36:
453 3544 495 3609 ‘ci
519 3545 580 3611 uix
602 3554 734 3633 postest
757 3547 915 3633 quotiens
937 3546 1021 3612 talia
1042 3542 1245 3631 pronomina
1268 3565 1288 3608 a
1309 3543 1543 3628 grammaticis
1566 3551 1640 3610 orta
1661 3545 1741 3611 1111.

386 3667 446 3753 IV,
471 3670 508 3734 6:
530 3668 586 3737 καῖ
607 3669 671 3759 γὰρ
694 3674 876 3755 συμμαχεῖν
897 3671 953 3737 καὶ
975 3665 1148 3755 προςέχειν
1177 3690 1235 3734 τον
1265 3667 1341 3734 νοῦν
1368 3662 1501 3748 τούτοις
1522 3666 1698 3736 ἐθέλουσιν
1720 3666 1873 3751 ἅπαντες,
1897 3668 1954 3753 011ς
1976 3668 2017 3740 ἂν

286 3751 387 3908 ὁρῶσι
401 3757 733 3845 παρεσκευασμένους
747 3759 802 3825 καὶ
817 3754 975 3848 πράττειν
989 3758 1172 3837 ἐθέλοντας
1186 3747 1208 3825 ii
1222 3748 1306 3845 χρή.
1339 3755 1418 3821 Non
1433 3757 1631 3841 negauerim
1654 3751 1676 3823 111
1688 3754 1751 3849 χρή
1766 3759 1852 3825 mihi
1876 3785 1944 3827 101
1968 3763 2015 3828 ita

285 3865 309 3929 p
323 3865 423 3929 acere,
441 3847 570 3935 quippe
583 3847 709 3932 quibus
721 3846 835 3912 uerbis
851 3854 886 3912 11
900 3842 1060 3936 πράττειν
1074 3855 1108 3913 11
1121 3844 1303 3924 ἐθέλοντας
1317 3867 1363 3927 ea,
1376 3867 1480 3930 quam
1491 3844 1616 3911 habere
1628 3847 1746 3929 101111,
1759 3850 1930 3932 grauitate
1945 3854 2015 3939 pri·

286 3939 415 3999 1111111.
448 3935 603 4025 Apparet
623 3935 873 4023 oppositionem
888 3936 1059 4023 quandam
1079 3957 1153 4000 esse
1172 3932 1454 4001 intersertam
1476 3929 1623 4015 ἅπαντες
1642 3944 1676 4000 11
1694 3936 1750 4003 καὶ
1765 3935 1922 4024 πράττειν
1936 3941 2014 4008 1θὲ-

283 4022 409 4101 λονεσς,
432 4045 518 4110 quae
541 4024 774 4091 additamento
792 4025 854 4091 illo
873 4034 963 4092 certe
981 4024 1210 4113 perturbetur.
1240 4022 1399 4088 Fortasse
1422 4022 1458 4087 in
1477 4022 1665 4111 archetypo
1684 4024 1753 4090 fuit
1775 4021 1902 4107 αὐτοὺς,
1925 4030 2015 4114 quod

282 4110 443 4195 quoniam
454 4113 571 4180 nescio
585 4135 653 4199 quo
665 4136 745 4180 casu
757 4114 937 4197 exciderat,
949 4138 970 4180 a
984 4113 1092 4180 doctis
1101 4110 1306 4198 quibusdam
1317 4108 1514 4177 hominibus
1526 4112 1642 4179 uerbis
1652 4107 1674 4180 t?
1682 4109 1746 4225 xpp
1756 4114 1884 4181 additis
1896 4117 2017 4183 lacuna

280 4200 491 4287 explebatur.
536 4203 612 4269 Hoc
633 4202 724 4268 enim
745 4203 819 4269 loco
845 4226 882 4269 re
907 4204 972 4269 etit
992 4209 1111 4283 orator,
1136 4200 1229 4284 quod
1249 4200 1353 4286 paulo
1376 4208 1456 4266 ante
1475 4200 1566 4267 dixit
1588 4201 1607 4284 ,ὃ
1630 4204 1667 4267 5:
1689 4227 1745 4269 και
1766 4208 1837 4284 τοῖς
1858 4204 2014 4273 ἐθέλουσι

278 4294 394 4357 πονεῖν
404 4289 461 4357 καὶ
475 4287 674 4360 κινδυνεύειν
687 4288 730 4358 τὰ
743 4293 807 4357 τῶν
822 4284 867 4375 σἰμ
908 4287 1030 4359 σιἰντιοκ
1061 4289 1343 4398 Sumpsitautem
1355 4284 1617 4376 interpolatori?
1629 4284 1691 4379 χρή
1706 4291 1828 4379 ex§7:
1843 4282 1882 4359 οὗ
1897 4296 2017 4363 δεῖκαὶ

280 4373 402 4446 δύναιτ’
424 4373 466 4447 ἂν
480 4385 663 4468 παρασχεῖν
678 4431 686 4446 .
702 4428 738 4447 ..
762 4378 897 4463 ἕτοιμος
912 4375 1070 4468 πρόπτειν
1087 4374 1228 4467 ύπαρξῃ,
1251 4376 1293 4442 (11
1308 4373 1429 4457 αὑτούς
1449 4386 1572 4463 autem
1595 4380 1687 4464 quod
1714 4378 1779 4446 hoe
1805 4380 1879 4447 loco
1901 4383 2016 4470 aptius

279 4465 357 4549 1111,
382 4468 443 4534 cfr.
466 4468 558 4554 quod
581 4475 660 4557 post
683 4466 789 4533 dixit:
817 4463 873 4532 καὶ
903 4462 1073 4555 παύσησθ’
1104 4462 1205 4545 αὐτὸς
1233 4466 1294 4550 μέν
1322 4458 1419 4535 οὐδὲν
1449 4464 1587 4547 ἕκαστος
1609 4466 1764 4571 ποιόσειν
1784 4469 1928 4551 ἐλπίζων
1949 4473 2016 4540 κτλ.

284 4553 366 4619 Sine
389 4558 584 4625 1111111110
606 4556 747 4645 ponitur
768 4553 929 4647 πράττειν
950 4554 1054 4620 etiam
1077 4557 1106 4637 3,
1131 4555 1230 4637 314,
1255 4555 1284 4619 7.
1299 4554 1351 4637 37,
1375 4577 1485 4640 neque
1507 4555 1577 4621 scio
1607 4578 1652 4622 an
1674 4580 1711 4622 11
1734 4556 1789 4646 §7
1813 4555 1916 4629 πάνθ’
1939 4572 2017 4627 ante

282 4636 371 4728 ὑπὲρ
397 4640 500 4715 αὐτοῦ
521 4641 663 4738 πράξειν
691 4645 778 4713 falso
808 4642 964 4710 additum
994 4643 1047 4723 sit,
1079 4665 1285 4730 quamquam
1314 4643 1538 4731 praecedunt:
1569 4637 1666 4713 οὐδὲν
1691 4645 1829 4725 ἕκαστος
1852 4646 2016 4739 ποιήσειν.

283 4730 453 4800 Similiter
472 4731 634 4825 πράττειν
656 4742 690 4799 11
712 4739 825 4804 ποιεῖν
837 4733 996 4843 opposita
1011 4733 1168 4799 uidemus
1183 4733 1220 4798 in
1235 4754 1281 4798 or.
1297 4732 1425 4797 XVIII
1446 4732 1563 4820 5156:
1583 4730 1623 4799 ἵν’
1645 4729 1681 4801 ἴδ
1722 4760 1738 4800 ε
1760 4733 1816 4802 καὶ
1837 4733 1874 4803 ἐκ
1894 4736 2016 4828 ταύτης

283 4820 411 4907 σαφῶς,
434 4816 487 4888 ὑτι
509 4820 567 4909 τὴν
587 4823 647 4906 μὲν
670 4814 782 4909 σἰλρθῆ
804 4841 979 4908 προφασιν
1000 4822 1064 4887 τῶν
1084 4818 1296 4909 πραγμάτιον,
1318 4817 1358 4884 τὸ
1379 4821 1468 4885 ταῦτ’
1482 4816 1541 4884 ἐπὶ
1555 4813 1677 4907 τὴνἝλ
1699 4815 1786 4887 cido.
1802 4872 1835 4887 ..
1858 4822 2017 4913 πράττειν

282 4898 530 5062 ἑπΙεκρύπτετιί,
553 4905 648 4976 κοινὰ
671 4908 709 4975 δὲ
726 4960 734 4975 .
749 4959 782 4978 ..
805 4911 945 4976 ποιεῖν
967 4914 1213 4994 προςεπσιεῖτο,
1235 4905 1296 4970 ubi
1327 4906 1410 4971 item
1437 4929 1480 4972 ne
1503 4906 1672 4994 oppositio
1694 4906 1887 4976 infirmetur
1909 4917 2019 4980 ποιείε

307 5006 436 5064 ectum
459 5017 539 5062 1100
562 5018 644 5062 csse.
