4600 5634
298 614 434 700 generis
465 611 593 678 codicis
624 611 753 677 auxilio
785 613 859 677 siue
890 635 932 677 ex
962 612 1078 698 aliquo
1102 611 1268 699 scriptore
1289 612 1490 677 nonnullius
1513 611 1593 676 fidei
1616 610 1813 678 adiumento
1835 612 1938 677 allato
1962 613 2035 676 siue

298 700 479 789 rhythmis,
504 723 589 787 quos
613 701 681 766 sibi
705 699 875 767 detexisse
890 701 1036 785 uidetur,
1064 706 1221 766 accurate
1244 700 1417 787 respectis
1441 708 1538 767 tanta
1560 699 1784 766 admiratione
1806 707 1859 767 est
1881 699 2033 786 dignum,

297 792 421 877 utqui
446 790 606 859 omnibus
634 789 689 855 his
713 791 824 856 causis
847 812 916 856 non
939 790 1021 855 satis
1045 790 1179 855 euictus
1202 798 1317 854 tamen
1340 790 1467 855 tradita
1490 811 1689 856 conseruare
1712 789 1842 872 audeat,
1872 790 1941 855 nisi
1963 812 2035 855 mo·

298 880 408 946 destia
420 879 567 967 quadam
579 902 661 944 usus
677 885 796 945 contra
810 902 887 945 eum
906 879 1018 944 dicere
1033 901 1102 945 non
1114 878 1245 961 debeat,
1262 901 1340 944 cum
1355 880 1555 965 praesertim
1572 901 1674 964 quam
1689 880 1819 944 multus
1832 877 1939 944 fuerit
1953 880 2033 945 Bla-

296 969 369 1035 sius
393 970 430 1035 in
452 968 644 1036 oratoribus
667 968 783 1034 atticis
803 976 838 1034 et
853 976 1016 1054 quantam
1032 992 1074 1034 ex
1089 967 1155 1033 hoc
1178 990 1243 1033 usu
1259 968 1424 1034 sermonis
1447 968 1542 1034 illius
1565 968 1743 1033 scientiam
1765 967 1833 1033 sibi
1856 969 2033 1054 collegisse

297 1058 471 1145 putandus
494 1058 540 1123 sit
564 1063 705 1123 constet.
750 1058 845 1123 Haec
875 1065 1059 1145 postquam
1087 1056 1261 1144 proposui,
1293 1079 1358 1142 ego
1381 1079 1517 1142 quoqne
1544 1057 1586 1122 de
1609 1056 1814 1142 quibusdam
1835 1056 1920 1123 locis
1943 1081 2033 1124 com-

295 1148 449 1235 plurium
475 1147 668 1214 orationum
693 1145 778 1232 quid
808 1147 953 1212 sentiam
1008 1146 1163 1230 referam,
1196 1168 1280 1231 quas
1311 1147 1523 1213 coniecturas
1545 1146 1707 1231 quoniam
1729 1145 1799 1211 illis
1821 1168 1908 1231 quae
1931 1169 2034 1234 supra

294 1237 398 1303 attuli
429 1236 636 1302 adiumentis
680 1244 816 1302 careant
850 1244 942 1301 certe
998 1235 1040 1301 de
1078 1258 1116 1300 11
1147 1234 1390 1322 probabilitate
1421 1257 1498 1301 cum
1525 1234 1714 1301 Blassiauis
1744 1235 1815 1300 illis
1845 1237 2032 1322 comparari

294 1347 365 1391 non
387 1348 487 1413 posse
510 1347 579 1391 non
602 1325 732 1410 ignoro
767 1326 835 1392 Sed
858 1348 936 1390 curn
959 1326 1054 1412 ipsae
1070 1347 1207 1410 quoque
1223 1348 1264 1389 ex
1282 1324 1445 1390 diuturno
1468 1324 1582 1391 studio
1597 1324 1839 1390 Demosthenis
1860 1324 2033 1411 profectae

295 1415 373 1495 sint,
398 1438 472 1479 esse
495 1415 604 1498 credo,
628 1415 720 1498 quod
737 1416 934 1500 quicunque
957 1414 1001 1479 ad
1023 1414 1118 1479 illius
1139 1414 1309 1479 orationes
1332 1412 1588 1501 pertractandas
1612 1420 1747 1501 tempus
1769 1422 1872 1498 atque
1894 1436 2032 1500 operam

293 1503 482 1585 conferunt,
508 1527 548 1570 ea
571 1526 657 1588 quae
679 1505 844 1591 proposui
867 1513 984 1569 utrum
1007 1503 1184 1590 probanda
1208 1525 1250 1567 111
1275 1502 1455 1567 abicienda
1478 1502 1549 1567 sint
1564 1524 1633 1568 non
1657 1503 1730 1567 sine
1750 1504 1866 1587 aliqua
1881 1503 2032 1568 utilitate

292 1601 328 1658 11
352 1615 413 1658 111
436 1601 471 1658 11
494 1593 734 1659 Demosthenis
759 1616 874 1659 11111111
896 1594 1088 1680 reputaturi
1112 1592 1191 1657 sint.
1215 1632 1256 1640 —

398 1690 488 1756 Nam
509 1692 669 1776 quamuis
684 1713 821 1773 memor,
846 1689 938 1776 quod
960 1691 1114 1756 Blassius
1130 1698 1209 1755 11111
1232 1690 1269 1753 in
1285 1690 1411 1772 Musae,
1436 1690 1527 1773 quod
1543 1689 1678 1773 dicitur,
1701 1689 1867 1756 Rhenano
1890 1694 2031 1771 monuit,

296 1778 370 1844 sine
401 1787 493 1845 certa
515 1801 617 1845 11111
643 1779 733 1844 nihil
759 1803 832 1845 esse
855 1779 1066 1862 mutandum,
1097 1778 1258 1863 quoniam
1282 1800 1381 1843 nemo
1405 1779 1498 1861 11111,
1522 1778 1606 1863 quid
1629 1778 1769 1845 auribus
1791 1778 2032 1847 Demosthenis

294 1868 471 1954 placuerit,
496 1876 611 1934 tamen
627 1868 902 1955 quandoquidem
923 1880 958 1935 et
980 1876 1115 1935 constat
1129 1869 1186 1933 uel
1202 1867 1238 1931 in
1254 1867 1500 1933 uetustissimis
1515 1867 1698 1949 codicibus,
1718 1868 1830 1933 ueluti
1848 1868 1885 1934 in
1900 1891 2032 1957 papyro

292 1956 518 2041 Massiliensi,
544 1958 626 2023 satis
649 1959 775 2024 multas
798 1959 909 2023 inesse
931 1957 1226 2044 interpolationes,
1250 1965 1286 2021 11
1308 1956 1466 2022 omnibus
1490 1956 1568 2039 illis,
1593 1978 1677 2041 quas
1698 1955 1878 2043 proferam,
1901 1961 2032 2025 coniec-

299 2045 387 2111 turis
416 2053 456 2112 ut
479 2046 529 2112 111
552 2046 664 2112 dicam
694 2048 808 2114 anima
838 2069 920 2113 uera
950 2055 985 2111 et
1008 2047 1126 2112 diuina
1157 2045 1370 2131 eloquentiae
1392 2044 1676 2111 Demosthenicae
1695 2067 1766 2112 non
1787 2053 1940 2131 uexatur,
1963 2072 2031 2116 non

295 2133 454 2200 dubitaui
471 2134 508 2200 in
524 2134 676 2201 medium
691 2135 852 2224 proferre,
869 2136 994 2222 quibus
1009 2135 1125 2201 uerbis
1138 2135 1296 2220 quamuis
1312 2134 1450 2221 pusillis
1467 2133 1663 2200 offenderer.
1685 2134 1765 2201 Non
1784 2134 1876 2201 enim
1891 2137 2031 2223 ignarus

294 2246 349 2288 me
365 2245 501 2309 quoque
513 2224 628 2312 ipsum
642 2225 875 2313 superioribus
886 2226 994 2309 annis,
1008 2224 1117 2290 ueluti
1129 2224 1167 2289 in
1179 2232 1430 2311 programmate
1441 2222 1545 2289 huius
1555 2224 1729 2309 gymnasii
1744 2232 1823 2289 ante
1834 2222 1897 2291 hos
1908 2247 2032 2293 nouem

293 2334 401 2379 annos
425 2312 526 2397 edito,
552 2314 706 2398 suasisse,
729 2337 773 2380 ne
803 2313 864 2380 illa
885 2314 989 2380 uerba
1012 2337 1120 2402 parua
1143 2313 1216 2377 sine
1239 2312 1374 2398 magnis
1397 2312 1509 2377 1111111
1524 2312 1780 2378 secluderentur
1802 2320 1923 2401 utpote
1945 2338 2031 2401 qnae

297 2402 505 2468 Graecorum
525 2402 666 2488 ingenio
689 2404 837 2470 maxime
860 2410 941 2491 apta
964 2413 1085 2487 esseut,
1110 2411 1225 2467 tamen
1249 2410 1332 2466 tunc
1354 2402 1469 2467 nescio
1492 2423 1535 2467 an
1551 2424 1638 2487 quae
1660 2402 1793 2468 librarii
1840 2406 2032 2470 ecoauerint

293 2490 345 2556 111
372 2491 476 2556 nimis
507 2491 670 2577 religiose
691 2493 911 2581 pepercerim.
949 2493 1135 2575 Postremo,
1160 2491 1189 2556 si
1205 2490 1449 2577 reputabimus,
1474 2492 1649 2576 qualem
1668 2491 1794 2557 Demos
1836 2515 1934 2559 enom
1948 2494 2031 2561 Dio-

294 2579 415 2665 nysius
457 2580 517 2646 ille
556 2580 867 2648 Halicarnassensis
906 2581 1049 2647 summis
1089 2580 1251 2647 extulerit
1289 2578 1458 2661 laudibus,
1489 2580 1573 2664 quin
1608 2602 1670 2646 nos
1704 2603 1840 2667 quoque
1874 2584 2031 2667 quamuis

294 2668 459 2734 orationis
491 2670 565 2734 eius
597 2669 741 2736 formam
771 2670 815 2736 ad
845 2670 949 2736 huius
980 2671 1103 2736 aetatis
1134 2669 1348 2755 eloquentiae
1372 2669 1519 2756 speeiem
1542 2692 1581 2734 ac
1603 2691 1756 2735 normam
1778 2671 2031 2738 accommodare

294 2779 463 2842 conemur,
488 2758 578 2824 nihil
601 2757 747 2826 deleturi
771 2760 876 2825 simus
899 2783 967 2845 quo
991 2783 1072 2826 uera
1086 2757 1328 2825 Demosthenis
1351 2757 1441 2823 fama
1461 2779 1500 2823 11
1523 2757 1634 2843 gloria
1656 2757 1915 2843 diminuatur,
1940 2772 2030 2827 certe

294 2868 364 2912 non
388 2845 632 2914 dubitabimus

398 2945 450 3012 01.
472 2945 499 3027 I,
523 2946 544 3035 ᾖ
567 2949 605 3012 3:
637 2944 683 3028 ὥς
712 2943 783 3015 ἔστι
814 2947 963 3033 μάλιστα
983 2951 1081 3016 τοῦτο
1105 2950 1190 3028 δὲος,
1212 2946 1257 3035 μη
1275 2997 1383 3015 .....
1405 2972 1424 3012 τ
1460 2946 1614 3036 ἕψηται
1635 2949 1693 3016 καὶ
1713 2945 1978 3039 παρασπάσηταί
1997 2974 2030 3018 τι

298 3036 362 3102 τῶν
384 3031 472 3101 ὅλων
496 3032 710 3125 πραγμάτων.
754 3036 812 3103 sic
841 3036 989 3122 legimus
1019 3038 1057 3103 in
1087 3035 1183 3103 codd.
1206 3034 1373 3101 omnibus.
1427 2972 1537 3114 811111
1566 3036 1748 3102 lectionem
1777 3038 1879 3125 pauci
1907 3039 2029 3126 proba·

296 3127 429 3235 uerunt.
475 3124 636 3210 Longum
670 3132 726 3235 est
757 3147 873 3192 omnes
908 3126 1119 3193 coniecturas
1149 3124 1192 3191 ed
1224 3123 1315 3189 huno
1346 3124 1459 3190 locum
1488 3125 1638 3212 prolatas
1668 3149 1874 3211 enumerare,
1904 3128 2029 3194 ueluti:

294 3226 478 3366 tritta?
498 3214 686 3389 ,ttttt
700 3216 951 3390 ttttttt
961 3213 2030 3393 11118111111111111111111111111111111111

295 3395 389 3455 recte
411 3390 557 3478 opponit
580 3391 689 3458 Weil:
721 3414 798 3459 sans
819 3392 967 3480 pouvoir
982 3393 1130 3460 11111111
1146 3392 1309 3478 exempla,
1333 3392 1377 3457 od
1400 3392 1433 3457 11
1454 3413 1580 3477 moyen
1600 3393 1790 3481 τρέπεσθαι
1811 3393 1861 3460 ait
1883 3416 1922 3460 11
1944 3418 2030 3462 sens.

293 3478 393 3544 Blass
415 3481 585 3572 τρέψηται
607 3476 666 3547 καί
685 3481 784 3547 11111
807 3481 948 3547 seclusit
970 3490 1010 3547 ut
1034 3506 1052 3547 e
1075 3483 1279 3569 glossemate
1302 3488 1383 3563 orta,
1407 3480 1607 3569 praesertim
1630 3503 1708 3547 oum
1731 3481 1860 3549 scholia
1880 3505 1950 3551 non
1972 3508 2029 3550 ex-

294 3567 615 3661 11111111τρέψηται,
634 3569 694 3635 sed
716 3566 991 3661 uocauerimus.
1029 3571 1098 3638 Sed
1115 3570 1177 3657 qui
1192 3576 1293 3658 putas
1307 3569 1438 3635 factum
1454 3592 1535 3652 esse,
1558 3577 1598 3636 ut
1612 3570 1872 3659 interpolatores
1886 3573 2031 3640 uerbum

292 3665 364 3722 tam
380 3655 523 3722 obscure
538 3657 670 3724 dictum
686 3660 926 3747 explicationis
941 3660 1039 3726 uerbi
1059 3660 1200 3726 minime
1215 3658 1283 3724 rari
1299 3681 1401 3724 causa
1422 3659 1495 3724 inte
1538 3658 1701 3725 onerent?
1733 3660 1854 3746 Neque
1870 3663 2029 3729 omitten-

295 3745 377 3811 dum
398 3751 453 3810 est
467 3744 734 3814 Demosthenem
749 3749 817 3815 duo
832 3748 980 3814 maxime
995 3747 1100 3815 uerba
1115 3749 1153 3814 111
1167 3747 1384 3814 conclusione
1399 3747 1494 3837 perio
1520 3770 1617 3814 orum
1631 3749 1795 3815 collocare
1810 3752 1926 3817 solere.
1959 3752 2029 3818 Ita-

294 3856 361 3920 que
377 3832 469 3919 quod
487 3833 525 3899 in
540 3835 795 3903 Westermanni
818 3837 968 3904 editione
983 3859 1005 3903 a
1026 3861 1081 3904 me
1104 3838 1216 3904 denuo
1239 3836 1363 3902 emissa
1388 3835 1567 3925 proposui:
1597 3831 1841 3928 εὐτρεπίσηται,
1870 3839 2029 3926 quodque

292 3922 426 4011 gaudeo
439 3922 551 3990 Foxio
562 3946 632 3991 non
644 3926 870 4014 displicuisse,
883 3925 987 3992 etiam
997 3950 1090 3993 nunc
1101 3925 1362 4015 proponendum
1372 3933 1467 4014 puto,
1479 3948 1558 3991 oum
1568 3926 1770 4013 praesertim
1782 3925 1873 3995 idem
1884 3929 2030 3999 uerbum

294 4011 465 4079 similibus
489 4012 697 4098 quibusdam
719 4015 803 4082 locis
827 4022 939 4081 orator
960 4016 1123 4104 posuerit,
1146 4014 1257 4081 ueluti
1276 4014 1371 4103 §131
1392 4011 1477 4100 μετὰ
1497 4017 1603 4083 ταῦτα
1626 4022 1676 4082 dle
1697 4011 1738 4096 ὰς
1752 4015 1914 4105 Παγασὰς
1927 4025 2029 4106 Μαχ-

296 4097 410 4191 νηοίαν
439 4101 543 4170 πάνθ’
566 4091 606 4167 tv
627 4102 773 4188 ἐβούλετ’
798 4099 996 4193 εὐτρεπίσας
1016 4100 1153 4191 τρόπον,
1176 4105 1236 4187 IV,
1261 4105 1312 4169 16.
1335 4104 1471 4186 XVIH,
1496 4105 1548 4170 32.
1571 4103 1608 4169 X
1732 4106 1805 4171 175.

401 4206 427 4291 Ι,
451 4209 471 4297 ξ
493 4211 524 4274 4.
558 4206 614 4274 καί
636 4204 707 4293 ἅμα
728 4207 911 4298 στρατηγόν
940 4209 996 4276 καὶ
1017 4205 1183 4299 δεσπότην
1212 4211 1269 4278 καί
1297 4209 1420 4296 ταμίαν
1440 4209 1495 4278 καὶ
1518 4213 1728 4292 πανταχοῦ
1749 4206 1850 4280 αὐτόν
1870 4219 2029 4303 παρεῖναι

292 4298 343 4385 τῷ
364 4291 638 4386 στρατεύματι
641 4349 750 4377 .....
772 4298 872 4365 Blass
887 4298 1003 4365 hiatus
1017 4322 1120 4367 11111
1135 4291 1244 4373 αὐτόν,
1259 4308 1434 4386 praeterea
1448 4298 1603 4386 rhythmi
1619 4320 1720 4364 causa
1739 4304 1788 4387 τῦ
1808 4299 2030 4391 στρατεύματι
2117 4324 2119 4327 ·

296 4386 444 4452 seclusit
494 4386 590 4465 Quae
621 4387 765 4474 probare
795 4410 865 4454 non
894 4410 1043 4475 possum.
1086 4388 1176 4453 Nam
1205 4381 1306 4455 αὐτόν
1327 4389 1377 4455 ita
1406 4389 1582 4476 premitur,
1613 4396 1653 4453 ut
1681 4388 1830 4454 nesciam
1860 4391 2029 4475 quomodo

296 4497 436 4541 caream.
470 4474 540 4543 Sed
555 4480 772 4560 πανταχοῦ,
787 4477 950 4563 quoniam
964 4478 1056 4545 idern
1067 4477 1161 4542 ualet
1171 4476 1264 4558 quod
1275 4502 1347 4566 παρ
1359 4478 1397 4542 in
1413 4482 1573 4567 παρεῖται
1584 4484 1619 4541 11
1633 4476 1790 4542 additum
1803 4484 1857 4542 est
1869 4478 1917 4563 τῷ
1929 4502 2031 4580 orpu-

295 4559 443 4648 τεῦματι,
464 4585 535 4630 non
551 4562 655 4631 habet
669 4588 737 4652 quo
759 4566 1024 4636 commendetur.
1056 4567 1136 4633 Non
1159 4565 1305 4631 omnib
1315 4589 1364 4631 us
1387 4565 1471 4632 locis
1487 4565 1604 4631 adesse
1619 4564 1739 4630 afferre
1755 4565 1931 4633 commoda
1945 4566 2030 4632 droit

297 4658 418 4736 orator,
442 4651 502 4719 sed
527 4653 646 4720 edesse
668 4654 783 4742 ipsum
806 4655 980 4723 exercitui.
1003 4657 1173 4737 πανταχοῦ
1195 4654 1305 4740 igitur
1326 4654 1570 4721 remouendum
1592 4660 1653 4719 est

398 4757 425 4843 I,
449 4758 469 4848 ξ
492 4761 530 4826 5:
568 4761 671 4850 δῆλον
691 4756 755 4850 γάρ
777 4760 848 4828 ἐστι
869 4765 942 4842 τοῖς
952 4758 1145 4838 Ὀλυνθίοις
1160 4757 1214 4827 ότι
1234 4763 1291 4827 νῦν
1312 4755 1351 4829 ot
1373 4761 1453 4851 περὶ
1467 4755 1567 4848 δόξης
1589 4752 1658 4825 οῦδ
1671 4755 1758 4848 ὑπὲρ
1779 4763 1903 4850 μέρους
1920 4763 2031 4847 χώρας

295 4848 573 4934 πολεμοῦσιν,
605 4843 677 4918 ἄλλ’
708 4846 920 4931 ἀναστάσεως
950 4848 1283 4936 κτλ.Β1111111111ο
1313 4848 1518 4936 πολεμοῦσιν
1539 4847 1677 4934 scripsit
1697 4847 1845 4929 κίνδυνος
1864 4872 1935 4917 non
1956 4851 2030 4915 sine

293 4938 429 5027 maguis
462 4938 581 5023 causis,
615 4940 741 5026 quibus
771 4947 948 5027 permotus
979 4939 1047 5005 iam
1070 4937 1219 5005 Weilius
1249 4937 1399 5003 dixerat:
1434 4938 1480 5004 Oe
1514 4938 1620 5004 verbe
1647 4938 1924 5023 (κινδιαεὺοασιν),
1947 4939 2031 5005 dont
