4600 5634
1094 445 1135 542 11
1212 538 1218 543 .

242 644 303 723 τὰς
326 641 541 732 παρασκευὰς
561 639 715 728 ἐποίησα.
748 641 835 706 Cum
857 640 943 707 alios
966 647 1111 723 secutus,
1134 646 1211 705 tum
1234 638 1399 706 Weilium
1421 650 1457 705 et
1479 638 1555 717 τούς
1577 636 1760 719 πλουσίους
1781 651 1818 708 ει
1841 643 1987 731 πένητας

246 758 265 799 e
286 738 386 798 textu
411 730 551 797 remoui.
597 727 697 809 Quod
719 729 874 795 Blassius
901 728 1086 816 improbat,
1110 729 1209 839 quasi
1229 730 1307 808 τούς
1330 724 1513 806 πλουσίους
1534 749 1604 793 non
1628 728 1701 793 sine
1724 731 1983 818 perspicuitatis

248 823 370 888 damno
385 819 499 887 omitti
514 818 632 906 possit.
663 817 731 883 Sed
746 817 862 884 uerbis
885 812 1038 907 ηνάγκαδ
1061 826 1096 883 et
1116 819 1355 903 αδικουμένους
1376 839 1463 904 quae
1482 839 1609 902 genera
1624 817 1801 886 hominum
1817 820 1985 908 depingat

248 919 359 978 orator
374 917 445 977 tam
459 906 640 973 manifeste
655 904 813 990 declarat,
830 917 870 973 ut
884 906 1008 972 addere
1023 906 1212 993 quidquam
1227 928 1337 992 neque
1351 905 1580 971 necessarium
1595 928 1707 993 neque
1722 907 1765 972 ad
1781 910 1982 995 rhythmum

247 1008 368 1087 aptum
389 997 476 1064 mihi
499 996 638 1082 quidem
660 994 828 1062 uideatur.
861 993 1042 1063 Similibus
1066 995 1108 1060 de
1131 995 1244 1061 causis
1266 996 1304 1061 in
1326 1017 1372 1062 or.
1387 995 1469 1078 XX,
1494 995 1536 1059 12
1553 993 1665 1061 deleui
1686 993 1765 1075 τούς
1786 997 1823 1078 ἐξ
1842 991 1977 1078 ἀστεως.

354 1087 456 1175 §47:
493 1081 602 1166 οὐδεὶς
631 1081 708 1175 γὰρ,
740 1078 858 1175 ἀνδρες
879 1082 1068 1174 Ἀθηναῖοι,
1097 1084 1137 1155 τό
1168 1088 1228 1153 τού
1258 1080 1478 1174 προδιδόντος
1512 1089 1684 1175 συμφέρον
1714 1083 1817 1193 ζητεῖν
1843 1067 1987 1176 χρήματ’

246 1171 428 1253 ἀναλίσκει,
465 1168 533 1239 οὐδ’
565 1169 703 1240 ἐπειδὰν
735 1161 780 1238 ὦν
811 1167 851 1240 ἀν
886 1167 1027 1284 πρίηται
1054 1165 1170 1260 κύριος
1199 1169 1341 1259 γίνηται,
1370 1172 1420 1255 τῷ
1442 1167 1594 1258 προδότῃ
1618 1172 1797 1260 συμβυυλῳ
1820 1173 1985 1262 περὶτῶν

248 1260 378 1328 λοιπῶν
405 1253 454 1325 ἔτι
479 1257 616 1367 χρηται·
633 1254 729 1325 οὐδὲν
758 1256 820 1343 γὰρ
849 1252 890 1325 ἀν
917 1284 957 1347 ην
986 1250 1278 1347 εὐδαιμονέστερον
1310 1250 1637 1345 προδότου·....
1659 1256 1718 1344 τὴν
1752 1259 1790 1326 δὲ
1823 1261 1985 1347 πονηρίαν

255 1346 360 1429 είδιύς,
391 1345 470 1415 τότε
499 1347 539 1436 δη
568 1341 660 1412 τότε
688 1343 744 1412 καί
771 1350 865 1430 μισεῖ
887 1344 943 1412 καί
972 1339 1109 1413 ἀπιστεῖ
1128 1343 1186 1413 καί
1206 1341 1460 1435 προπηλακίζει.
1497 1342 1564 1409 'Per
1593 1339 1763 1435 προδότης
1783 1347 1986 1434 repetiuisse

251 1446 416 1505 oratorem
446 1457 557 1521 neque
579 1432 713 1499 Dobree
740 1455 852 1519 neque
875 1455 939 1520 ego
963 1455 1147 1500 censemus.
1194 1433 1258 1498 Ille
1279 1438 1328 1499 τ’
1350 1427 1503 1521 προδότη
1525 1431 1563 1497 in
1585 1433 1815 1520 suspicionem
1838 1435 1984 1518 uocauit,

252 1526 341 1614 quod
363 1546 429 1611 ego
450 1546 521 1591 non
547 1521 664 1609 probo,
709 1523 778 1589 Sed
801 1522 882 1588 uide
911 1545 955 1589 ne
977 1520 1148 1611 προδότου
1177 1530 1257 1610 post
1287 1520 1580 1611 ευδαιμονὲστερον
1602 1523 1784 1589 molestum
1807 1532 1910 1610 atque
1933 1524 1986 1590 in·

253 1614 428 1683 tolerabile
450 1612 505 1679 sit.
540 1610 632 1691 Quid
648 1611 739 1698 quod
761 1620 835 1678 tota
849 1612 933 1678 haec
949 1611 1113 1698 cogitatio
1134 1611 1253 1678 uitiosi
1276 1611 1409 1696 aliquid
1424 1610 1535 1676 habet.
1574 1611 1631 1675 An
1650 1634 1719 1677 non
1740 1623 1985 1701 exspectemus,

252 1714 290 1772 ut
305 1711 419 1771 orator
434 1702 542 1768 dicat:
570 1693 673 1766 ‘nihil
687 1701 779 1766 enim
793 1700 863 1766 fuit
879 1699 1067 1766 stultiusll’
1100 1702 1282 1767 Praeterea
1296 1701 1334 1765 in
1349 1700 1417 1765 fine
1440 1698 1581 1786 periodi,
1606 1700 1768 1785 quoniam
1782 1725 1852 1769 non
1875 1703 1984 1786 uideo,

251 1816 354 1881 quem
377 1793 420 1858 ob
444 1814 516 1857 rem
536 1787 613 1857 τότε
634 1790 718 1856 εδεο
741 1790 957 1876 insigniatur,
980 1812 1043 1876 pro
1066 1785 1270 1857 alteroccae
1292 1811 1445 1876 propono
1468 1789 1653 1899 legendum
1676 1812 1749 1856 esse
1769 1788 1917 1872 τούτους.

358 1882 459 1969 §532
491 1878 548 1947 καὶ
576 1904 637 1963 μοι
659 1877 734 1970 λέγε
759 1879 818 1969 την
838 1878 970 1970 γραφὴν
992 1872 1121 1969 αὐτην
1141 1875 1262 1965 λαβών.
1298 1878 1454 1965 Apparet
1475 1873 1576 1967 αυτήν
1598 1886 1687 1944 stare
1709 1902 1778 1946 non
1808 1903 1924 1967 posse,
1956 1882 1985 1947 si

250 1971 351 2060 prius
372 1969 496 2057 legeris
518 1965 678 2058 περὶτῆς
699 1970 831 2056 γραφῆς
852 1962 961 2056 αὐτῆς,
997 1967 1035 2034 si
1065 1974 1180 2033 autem
1210 1967 1401 2055 perpendes
1424 1975 1539 2032 utrum
1563 1989 1641 2033 cum
1663 1968 1797 2034 Blassio
1819 1963 1920 2058 αύτῆς
1941 1993 1985 2035 an

252 2082 386 2127 mecum
407 2052 508 2148 αύτήν
529 2056 647 2123 abesse
669 2057 784 2139 malis,
809 2056 872 2122 hoc
902 2055 1005 2140 mihi,
1029 2056 1191 2142 quoniam
1220 2056 1257 2122 in
1284 2056 1472 2143 primordio
1495 2055 1560 2121 loci
1584 2066 1696 2124 orator
1717 2057 1762 2123 ad
1783 2056 1878 2123 aliud
1900 2058 1985 2143 quid

253 2149 384 2232 transit,
406 2154 578 2235 praestare
601 2146 748 2212 uidetur.

364 2237 414 2319 18
437 2236 457 2325 ξ
481 2235 562 2301 194:
600 2229 630 2301 εί
657 2230 707 2303 δό
732 2232 861 2319 συμβὰς
890 2232 1037 2322 σκηπτὸς
1057 2230 1078 2324 ἢ
1098 2232 1223 2318 χειμιύν
1249 2232 1295 2325 μὴ
1323 2230 1426 2320 μόνον
1452 2230 1553 2325 ἡμῶν,
1583 2229 1669 2304 ἀλλὰ
1690 2237 1747 2303 καί
1769 2231 1903 2301 πάντων
1921 2239 1987 2302 τῶν

256 2320 363 2397 ἀλλων
379 2321 540 2414 Ἑλλήνων
561 2323 682 2410 μείζων
710 2324 831 2412 γέγονε,
862 2320 897 2390 τί
921 2320 983 2414 χρὴ
1005 2330 1134 2409 ποιεῖν,·
1158 2323 1226 2393 κτλ,
1254 2322 1419 2390 Aristidis
1450 2325 1654 2410 quibusdam
1686 2324 1770 2390 locis
1799 2323 1985 2410 perductus

257 2414 408 2483 Blassius
430 2412 570 2480 reduxit
591 2412 684 2498 quod
712 2419 791 2499 post
813 2411 993 2478 Reiskium
1020 2435 1138 2479 omnes
1160 2433 1223 2522 pro
1245 2414 1450 2499 glossemate
1472 2413 1676 2479 habuerant:
1699 2409 1722 2503 ἢ
1741 2411 1874 2498 χειμών.
1918 2413 1986 2481 Sed

256 2514 290 2572 et
318 2504 426 2570 multo
457 2502 664 2590 praeclarius
694 2510 746 2567 est
777 2497 924 2589 σκηπτός
952 2523 1054 2587 quam
1072 2527 1197 2587 χειμων
1218 2510 1253 2567 et
1283 2510 1363 2589 post
1392 2500 1434 2567 de
1464 2502 1580 2568 nautis
1610 2502 1725 2567 dicens
1752 2499 1874 2587 χειμών
1894 2511 1986 2569 recte

253 2592 437 2682 usurpauit
465 2598 585 2657 orator.
629 2590 753 2677 Itaque
776 2589 867 2676 quod
889 2589 931 2655 de
961 2596 1165 2693 tempestate
1194 2593 1336 2658 numine
1358 2591 1504 2676 quodam
1535 2591 1688 2656 immissa
1716 2591 1986 2676 praeclarissime

253 2685 387 2751 dictum
413 2685 473 2763 est,
495 2679 612 2746 addito
633 2671 654 2768 ἢ
673 2675 796 2763 χειμών
817 2679 915 2764 quasi
943 2686 1046 2745 atteri
1075 2680 1171 2762 nolo,
1195 2701 1273 2746 cum
1301 2681 1502 2767 praesertim
1525 2680 1801 2766 interpolatorem
1825 2678 1986 2747 hocloco

253 2774 364 2839 libere
385 2776 577 2856 grassatum
599 2789 673 2834 esse
695 2790 737 2832 ex
759 2767 845 2835 πᾶσι
865 2774 945 2833 ante
966 2767 1260 2840 κατασκανάσαντα
1282 2768 1398 2835 addito
1421 2792 1442 2835 a
1465 2778 1591 2857 pareat.

363 2860 412 2943 18,
437 2860 518 2924 22οτ
549 2854 585 2925 τί
612 2847 679 2939 σύν,
711 2853 805 2922 ε’ίποι
832 2882 883 2936 τις
910 2850 960 2937 δίν,
993 2858 1034 2926 σὺ
1060 2860 1221 2931 τοσοῦτον
1243 2855 1414 2949 ὑπερῆρας
1435 2793 1531 2947 όλύμη
1552 2860 1610 2926 καί
1631 2852 1746 2946 τόλμη,
1768 2852 1854 2926 ιύστε
1875 2853 1986 2927 πάντα

252 2957 365 3020 ποιεῖν
386 2943 504 3028 αύτός,·
527 2939 567 3014 ού
589 2946 689 3013 ταῦτα
712 2944 833 3032 λέγω,
856 2941 928 3015 ἀλλ’
944 2943 1051 3028 οὕτως
1064 2943 1271 3035 ἐπεπείσμην
1283 2950 1350 3014 κτλ.
1373 2949 1523 3014 Rectene
1544 2944 1628 3033 λέγω
1652 2967 1688 3012 se
1707 2947 1839 3029 habeat,
1857 2946 1985 3014 dubito.

253 3041 376 3105 Orator
397 3044 488 3104 certe
511 3034 666 3122 suppleri
687 3032 814 3099 uoluit:
845 3028 885 3101 οὗ
906 3030 1017 3102 πάντα
1039 3040 1185 3101 ποιεῖν
1200 3030 1299 3115 αύτός
1320 3032 1538 3103 δύνασθαι
1559 3032 1691 3120 νομίζω,
1709 3043 1749 3102 ιιι
1763 3035 1807 3101 ad
1822 3029 1861 3101 ού
1881 3039 1985 3105 ταῦτα

253 3126 343 3193 nihil
372 3124 551 3193 addiderit.
603 3123 646 3188 In
677 3123 871 3208 insequenti
901 3122 921 3211 §
945 3124 1010 3188 221
1040 3123 1130 3208 quod
1161 3125 1316 3191 Blassius
1336 3126 1468 3208 βέλτιον
1490 3132 1569 3190 ante
1589 3126 1715 3215 μηδένα
1736 3147 1806 3192 non
1837 3125 1984 3207 seclusit,

253 3217 359 3299 doleo,
389 3215 552 3301 quoniam
582 3210 789 3297 Madwigius
813 3211 914 3295 (Adu.
938 3212 1011 3277 crit
1034 3212 1062 3277 I.
1084 3235 1117 3299 p.
1139 3214 1219 3295 488)
1249 3212 1335 3278 mihi
1359 3214 1498 3299 quidem
1530 3214 1613 3280 satis
1643 3214 1813 3302 persuasit
1839 3214 1891 3280 ita
1913 3236 1985 3280 ora·

253 3316 344 3372 tores
367 3303 461 3390 loqui
484 3324 554 3368 non
576 3302 693 3368 solere.

360 3392 500 3475 XXIII,
526 3393 583 3456 15:
615 3384 661 3479 ἢν
690 3386 800 3469 εἰκός
827 3393 1062 3479 προςδυκᾶν
1094 3387 1281 3470 ἐκείνους
1308 3389 1367 3479 ἐφ’
1398 3386 1572 3469 ἑαυτούς
1593 3389 1734 3459 ἐλθεῖν
1756 3385 1804 3459 ἀν
1824 3391 1893 3460 διὰ
1915 3395 1987 3459 τοῦ

253 3477 527 3570 ψηφίσματος
548 3472 728 3555 τουτουίἸ
751 3478 799 3563 τῷ
820 3473 899 3543 otri
913 3471 1143 3564 πράττοντι
1158 3474 1217 3565 τὴν
1232 3471 1332 3565 ἀρχὴν
1345 3477 1401 3543 καί
1415 3471 1525 3543 πάντα
1538 3470 1694 3545 τάναντία
1714 3482 1785 3556 τοῖς
1806 3473 1882 3563 ὑμῖν
1902 3499 1986 3563 συμ-

255 3569 398 3670 φέρουσι
419 3561 696 3647 κατασκευάζοντι
716 3562 872 3655 τοιαύτην
894 3560 1046 3645 ἐξουσίαν
1067 3562 1215 3647 διδόντες
1234 3567 1295 3633 τοῦ
1316 3567 1403 3632 ταῦτ’
1419 3560 1527 3646 ἀδεῶς
1547 3561 1714 3652 πράττειν.
1751 3566 1867 3632 Uerba
1888 3566 1988 3633 aliter

257 3677 423 3744 impressa
445 3677 487 3719 ex
510 3653 530 3741 ξ
556 3654 657 3719 12111
684 3652 775 3718 hunc
797 3654 910 3719 locum
940 3652 1027 3720 falso
1050 3676 1122 3719 esse
1143 3655 1315 3738 translata,
1339 3661 1429 3719 recte
1451 3653 1586 3720 Dobree
1608 3653 1819 3721 intellexisse
1840 3655 1987 3738 uidetur,

256 3767 323 3830 qua
344 3746 441 3810 inre
464 3743 625 3829 quoniam
645 3741 793 3809 Weilius
817 3764 952 3827 quoque
975 3743 1012 3808 in
1035 3742 1186 3811 editione
1209 3765 1298 3810 anno
1324 3743 1409 3809 1886
1431 3742 1523 3809 faeta
1545 3742 1716 3809 consentit
1737 3744 1896 3831 pluribus
1917 3766 1988 3811 non

256 3856 341 3922 opus
364 3839 417 3900 cst
438 3832 562 3898 uerbis.
596 3831 665 3899 Sed
687 3829 768 3897 uide
790 3853 833 3896 ne
856 3830 959 3896 etiam
982 3831 1019 3897 in
1042 3832 1091 3898 eis
1107 3854 1195 3918 quae
1217 3840 1407 3919 sequuntur
1421 3840 1511 3898 recte
1527 3853 1683 3899 emoueas
1706 3828 1888 3922 πρόπαντι
1909 3855 1987 3899 cum

255 3922 453 4010 praesertim
475 3921 513 3987 in
536 3920 604 3988 fine
626 3920 710 3986 item
732 3920 883 4006 legatur:
904 3922 965 3986 τοῦ
983 3915 1075 3988 ταῦτ’
1098 3916 1205 4003 ἀδεῶς
1227 3917 1396 4011 πράττειν.

359 4010 499 4093 XXIII,
524 4011 581 4076 18:
604 4009 733 4079 δίκαιον
755 4008 873 4078 δ’δστίν
894 4005 977 4090 ’ίσως
997 4006 1020 4077 δ’
1039 4014 1046 4039 ’
1069 4005 1295 4103 ὑπεσχημένον
1307 4006 1370 4095 τρί’
1392 4008 1579 4092 ἐπιδείξειν,
1602 4005 1638 4076 ἓν
1650 4010 1711 4095 μὲν
1725 4004 1771 4089 ὦς
1792 4008 1886 4100 παρὰ
1908 4009 1985 4089 τούς

253 4094 376 4183 νόμους
401 4096 440 4164 τό
470 4092 619 4187 ψήφισμ’
649 4093 788 4212 εἴρηται,
819 4090 974 4182 δεύτερον
1001 4035 1077 4175 dits
1105 4090 1302 4186 ἀσύμφορόν
1332 4096 1403 4164 ε’στι
1423 4100 1466 4186 τῇ
1487 4095 1595 4173 πόλει,
1625 4092 1736 4185 τρίτον
1757 4090 1832 4176 δ’ὡς
1851 4090 1987 4174 ἀναξιός

253 4191 342 4261 ἔστι
362 4194 470 4275 τυχεῖν
488 4185 657 4267 τούτων,
679 4216 707 4276 ην
722 4188 915 4277 γέγραπται,
939 4185 1074 4255 πάντων
1086 4187 1215 4281 αἵρεσιν
1227 4186 1303 4274 ύμῖν
1325 4194 1441 4260 δοῦναι
1454 4195 1526 4269 τοῖς
1539 4182 1785 4274 ἀκουσομένοις,
1804 4189 1839 4256 τί
1853 4194 1986 4280 πρῶτον

253 4277 275 4369 ἢ
288 4276 323 4348 τί
335 4276 490 4372 δεύτερον
502 4272 524 4370 ἢ
536 4273 571 4345 τί
581 4279 771 4346 τελευταῖον
789 4276 1008 4360 βουλομένοις
1025 4273 1194 4346 ἀκούειν
1215 4273 1291 4363 ὑμῖν
1305 4279 1402 4350 ἐστιν.
1426 4279 1508 4345 Tria
1521 4279 1608 4345 mihi
1624 4279 1794 4345 monenda
1807 4276 1985 4344 uidentur:

255 4370 403 4454 primum
418 4379 458 4435 ut
471 4367 542 4436 ἐστι
556 4375 635 4453 post
656 4358 791 4446 ἀνάξιος
812 4364 962 4431 codicem
981 4369 1021 4433 A
1042 4368 1153 4433 secuti
1167 4366 1346 4452 deleamus,
1364 4368 1486 4434 deinde
1503 4376 1541 4433 ut
1563 4366 1690 4436 τούτων
1710 4366 1801 4456 quod
1817 4366 1854 4431 in
1869 4366 1984 4433 codice

256 4458 400 4542 quodam
422 4455 668 4544 transpositum
690 4460 751 4539 est,
779 4455 818 4520 in
839 4454 1069 4541 suspicionem
1092 4478 1270 4541 nocemus,
1293 4457 1375 4542 quia
1401 4457 1437 4522 in
1460 4456 1633 4545 prioribus
1656 4477 1819 4523 numerus
1840 4456 1984 4542 pluralis

254 4546 455 4630 nonhabet
503 4568 547 4612 uo
570 4567 606 4610 se
628 4542 761 4627 referat,
784 4551 956 4632 postremo
978 4552 1019 4609 ut
1042 4537 1177 4613 ἀκούειν
1198 4547 1322 4612 collata
1344 4546 1387 4612 de
1409 4567 1473 4613 cor.
1508 4546 1528 4634 ξ
1552 4548 1594 4612 11
1619 4546 1790 4612 eiciamus.

357 4642 378 4719 g
404 4638 461 4703 12:
479 4570 520 4703 δε
541 4634 578 4702 δὲ
599 4628 718 4700 τούτοιν
739 4639 800 4700 τοῦ
820 4630 950 4724 τρόπου
970 4636 1036 4701 ταῖν
1055 4635 1117 4718 μὲν
1136 4628 1267 4724 ἐρήμων
1288 4627 1390 4703 όντων
1409 4637 1596 4723 βοηθῶν,
1620 4629 1734 4714 αύτσῖς
1755 4628 1901 4713 δ’ἀδείας
1922 4634 1980 4700 δο-

249 4720 378 4878 ιὲείσρς.
412 4726 552 4814 βοηθῶν
573 4722 735 4809 quoniam
750 4722 853 4790 Vind
868 4722 992 4805 omisit,
1008 4744 1078 4789 non
1094 4721 1215 4790 dubito
1230 4723 1315 4808 quin
1338 4723 1584 4810 interpolatum
1606 4723 1668 4803 sit;
1692 4730 1782 4789 certe
1805 4721 1892 4787 illud
1914 4744 1985 4789 non

273 4813 322 4879 esi
349 4820 473 4879 eretur.

359 4901 461 4990 §191
491 4900 607 4989 μηδείς
627 4894 729 4987 ύμιύν,
752 4892 870 4983 ιδ...,
902 4902 949 4988 τῷ
979 4901 1186 4992 διεψεῦσθαι
1213 4902 1273 4968 τοῦ
1292 4896 1493 4991 Χαριδήμου
1521 4898 1577 4966 καί
1606 4896 1790 4986 νομίζειν
1813 4892 1982 5002 εύερμέτην

251 4983 340 5058 εἶναι
362 4987 562 5080 φιλονεικεῖν
583 4990 833 5080 δσςχερέστερον
846 4988 924 5067 τούς
939 4988 1017 5078 περὶ
1037 4991 1102 5056 τοῖν
1122 4987 1234 5075 νόμιον
1257 4989 1377 5076 λόγους
1394 4984 1521 5077 ἀκοόση
1541 5012 1628 5072 μου,
1650 4990 1725 5078 μηδ’
1741 5042 1749 5057 .
1766 5042 1796 5058 ..
1820 4988 1983 5056 Wellius:

1737 5098 1771 5151 2*
