<?xml version="1.0" encoding="UTF-8"?>
<!DOCTYPE html PUBLIC "-//W3C//DTD XHTML 1.0 Transitional//EN"
    "http://www.w3.org/TR/xhtml1/DTD/xhtml1-transitional.dtd">
<html xmlns="http://www.w3.org/1999/xhtml" xml:lang="en" lang="en">
 <head>
  <title>
</title>
<meta http-equiv="Content-Type" content="text/html;charset=utf-8" />
  <meta name='ocr-system' content='tesseract 3.04.00' />
  <meta name='ocr-capabilities' content='ocr_page ocr_carea ocr_par ocr_line ocrx_word'/>
</head>
<body>
  <div class='ocr_page' id='page_1' title='image "./curaedemostheni00rosegoog_0010.png"; bbox 0 0 4600 5634; ppageno 0'>
   <div class='ocr_carea' id='block_1_1' title="bbox 1172 452 1193 514">
    <p class='ocr_par' dir='ltr' id='par_1_1' title="bbox 1172 452 1193 514">
     <span class='ocr_line' id='line_1_1' title="bbox 1172 452 1193 514; baseline 0 0"><span class='ocrx_word' id='word_1_1' title='bbox 1172 452 1193 514; x_wconf 88' lang='grc'><strong>6</strong></span> 
     </span>
    </p>
   </div>
   <div class='ocr_carea' id='block_1_2' title="bbox 301 636 2039 734">
    <p class='ocr_par' dir='ltr' id='par_1_2' title="bbox 301 636 2039 734">
     <span class='ocr_line' id='line_1_2' title="bbox 301 636 2039 734; baseline 0.004 -25"><span class='ocrx_word' id='word_1_2' title='bbox 301 636 449 727; x_wconf 82' lang='grc' dir='ltr'><em>ἀσμενοι.</em></span> <span class='ocrx_word' id='word_1_3' title='bbox 488 646 526 713; x_wconf 87' lang='lat' dir='ltr'>Si</span> <span class='ocrx_word' id='word_1_4' title='bbox 548 668 675 733; x_wconf 86' lang='lat' dir='ltr'>genera</span> <span class='ocrx_word' id='word_1_5' title='bbox 689 646 840 712; x_wconf 89' lang='lat' dir='ltr'>hostium</span> <span class='ocrx_word' id='word_1_6' title='bbox 856 647 994 713; x_wconf 89' lang='lat' dir='ltr'>nomine</span> <span class='ocrx_word' id='word_1_7' title='bbox 1010 647 1086 734; x_wconf 90' lang='lat' dir='ltr'>ipso</span> <span class='ocrx_word' id='word_1_8' title='bbox 1102 648 1277 714; x_wconf 89' lang='lat' dir='ltr'>diudicare</span> <span class='ocrx_word' id='word_1_9' title='bbox 1293 648 1467 732; x_wconf 82' lang='lat' dir='ltr'>uoluisset,</span> <span class='ocrx_word' id='word_1_10' title='bbox 1491 648 1687 714; x_wconf 86' lang='lat' dir='ltr'>oratoriam</span> <span class='ocrx_word' id='word_1_11' title='bbox 1703 648 1868 734; x_wconf 91' lang='lat' dir='ltr'>inpriore</span> <span class='ocrx_word' id='word_1_12' title='bbox 1883 649 2039 717; x_wconf 88' lang='lat' dir='ltr'>membro</span> 
     </span>
    </p>
   </div>
   <div class='ocr_carea' id='block_1_3' title="bbox 301 732 2140 825">
    <p class='ocr_par' dir='ltr' id='par_1_3' title="bbox 301 732 2140 825">
     <span class='ocr_line' id='line_1_3' title="bbox 301 732 2140 825; baseline 0.004 -28"><span class='ocrx_word' id='word_1_13' title='bbox 301 732 529 801; x_wconf 77' lang='lat' dir='ltr'>Athenienses</span> <span class='ocrx_word' id='word_1_14' title='bbox 553 743 588 801; x_wconf 92' lang='lat' dir='ltr'>et</span> <span class='ocrx_word' id='word_1_15' title='bbox 612 735 796 821; x_wconf 77' lang='lat' dir='ltr'>Olynthios</span> <span class='ocrx_word' id='word_1_16' title='bbox 812 746 1114 803; x_wconf 76' lang='lat' dir='ltr'>commemorasset.</span> <span class='ocrx_word' id='word_1_17' title='bbox 1137 737 1261 822; x_wconf 88' lang='lat' dir='ltr'>Itaque</span> <span class='ocrx_word' id='word_1_18' title='bbox 1282 760 1326 801; x_wconf 91' lang='lat' dir='ltr'>ne</span> <span class='ocrx_word' id='word_1_19' title='bbox 1354 737 1518 804; x_wconf 84' lang='grc' dir='ltr'><em>Θετταλοί</em></span> <span class='ocrx_word' id='word_1_20' title='bbox 1532 736 1672 822; x_wconf 90' lang='lat' dir='ltr'>quidem</span> <span class='ocrx_word' id='word_1_21' title='bbox 1694 736 1737 803; x_wconf 88' lang='lat' dir='ltr'>ab</span> <span class='ocrx_word' id='word_1_22' title='bbox 1760 737 1820 803; x_wconf 88' lang='lat' dir='ltr'>illo</span> <span class='ocrx_word' id='word_1_23' title='bbox 1843 737 2035 825; x_wconf 86' lang='lat' dir='ltr'>profectum</span> <span class='ocrx_word' id='word_1_24' title='bbox 2136 806 2140 813; x_wconf 69' lang='grc'><em>,</em></span> 
     </span>
    </p>
   </div>
   <div class='ocr_carea' id='block_1_4' title="bbox 300 822 2039 1268">
    <p class='ocr_par' dir='ltr' id='par_1_4' title="bbox 300 822 2035 1090">
     <span class='ocr_line' id='line_1_4' title="bbox 301 822 2035 912; baseline 0.005 -26"><span class='ocrx_word' id='word_1_25' title='bbox 301 830 361 905; x_wconf 90' lang='lat' dir='ltr'>est,</span> <span class='ocrx_word' id='word_1_26' title='bbox 386 822 445 888; x_wconf 90' lang='lat' dir='ltr'>sed</span> <span class='ocrx_word' id='word_1_27' title='bbox 469 823 664 912; x_wconf 85' lang='lat' dir='ltr'>explicandi</span> <span class='ocrx_word' id='word_1_28' title='bbox 686 847 788 890; x_wconf 89' lang='lat' dir='ltr'>causa</span> <span class='ocrx_word' id='word_1_29' title='bbox 809 823 897 891; x_wconf 87' lang='lat' dir='ltr'>falso</span> <span class='ocrx_word' id='word_1_30' title='bbox 912 823 1078 891; x_wconf 88' lang='lat' dir='ltr'>additum.</span> <span class='ocrx_word' id='word_1_31' title='bbox 1113 826 1328 911; x_wconf 79' lang='lat' dir='ltr'>Quamquam</span> <span class='ocrx_word' id='word_1_32' title='bbox 1348 824 1439 890; x_wconf 89' lang='lat' dir='ltr'>enirn</span> <span class='ocrx_word' id='word_1_33' title='bbox 1461 825 1541 891; x_wconf 90' lang='lat' dir='ltr'>illae</span> <span class='ocrx_word' id='word_1_34' title='bbox 1563 836 1684 911; x_wconf 87' lang='lat' dir='ltr'>gentes</span> <span class='ocrx_word' id='word_1_35' title='bbox 1700 849 1816 891; x_wconf 89' lang='lat' dir='ltr'>omnes</span> <span class='ocrx_word' id='word_1_36' title='bbox 1832 826 1906 891; x_wconf 88' lang='lat' dir='ltr'>eius</span> <span class='ocrx_word' id='word_1_37' title='bbox 1920 828 2035 894; x_wconf 89' lang='lat' dir='ltr'>animo</span> 
     </span>
     <span class='ocr_line' id='line_1_5' title="bbox 301 910 2033 1002; baseline 0.003 -25"><span class='ocrx_word' id='word_1_38' title='bbox 301 910 578 997; x_wconf 87' lang='lat' dir='ltr'>obuersabantur,</span> <span class='ocrx_word' id='word_1_39' title='bbox 602 922 716 980; x_wconf 87' lang='lat' dir='ltr'>tamen</span> <span class='ocrx_word' id='word_1_40' title='bbox 731 921 823 979; x_wconf 87' lang='lat' dir='ltr'>recte</span> <span class='ocrx_word' id='word_1_41' title='bbox 845 912 936 995; x_wconf 75' lang='lat' dir='ltr'>fecit,</span> <span class='ocrx_word' id='word_1_42' title='bbox 960 915 1052 998; x_wconf 90' lang='lat' dir='ltr'>quod</span> <span class='ocrx_word' id='word_1_43' title='bbox 1074 915 1355 1001; x_wconf 68' lang='lat' dir='ltr'>generaliter</span> <span class='ocrx_word' id='word_1_44' title='bbox 1378 914 1471 999; x_wconf 89' lang='lat' dir='ltr'>quod</span> <span class='ocrx_word' id='word_1_45' title='bbox 1493 914 1663 981; x_wconf 87' lang='lat' dir='ltr'>sentiebat</span> <span class='ocrx_word' id='word_1_46' title='bbox 1684 915 1931 1002; x_wconf 76' lang='lat' dir='ltr'>pronuntiauit,</span> <span class='ocrx_word' id='word_1_47' title='bbox 1955 939 2033 983; x_wconf 91' lang='lat' dir='ltr'>cum</span> 
     </span>
     <span class='ocr_line' id='line_1_6' title="bbox 300 1002 1669 1090; baseline 0.003 -25"><span class='ocrx_word' id='word_1_48' title='bbox 300 1002 502 1086; x_wconf 89' lang='lat' dir='ltr'>praesertim</span> <span class='ocrx_word' id='word_1_49' title='bbox 524 1002 617 1087; x_wconf 91' lang='lat' dir='ltr'>quod</span> <span class='ocrx_word' id='word_1_50' title='bbox 639 1002 682 1068; x_wconf 90' lang='lat' dir='ltr'>de</span> <span class='ocrx_word' id='word_1_51' title='bbox 705 1002 879 1069; x_wconf 79' lang='lat' dir='ltr'>Thessalis</span> <span class='ocrx_word' id='word_1_52' title='bbox 902 1002 998 1086; x_wconf 81' lang='lat' dir='ltr'>dixit,</span> <span class='ocrx_word' id='word_1_53' title='bbox 1021 1026 1092 1070; x_wconf 89' lang='lat' dir='ltr'>non</span> <span class='ocrx_word' id='word_1_54' title='bbox 1114 1003 1198 1070; x_wconf 90' lang='lat' dir='ltr'>satis</span> <span class='ocrx_word' id='word_1_55' title='bbox 1220 1003 1264 1069; x_wconf 92' lang='lat' dir='ltr'>ad</span> <span class='ocrx_word' id='word_1_56' title='bbox 1286 1026 1340 1069; x_wconf 90' lang='lat' dir='ltr'>res</span> <span class='ocrx_word' id='word_1_57' title='bbox 1362 1004 1455 1090; x_wconf 88' lang='lat' dir='ltr'>ipsas</span> <span class='ocrx_word' id='word_1_58' title='bbox 1478 1003 1669 1088; x_wconf 71' lang='lat' dir='ltr'>quadraret</span> 
     </span>
    </p>

    <p class='ocr_par' dir='ltr' id='par_1_5' title="bbox 303 1084 2039 1268">
     <span class='ocr_line' id='line_1_7' title="bbox 407 1084 2039 1183; baseline 0.004 -28"><span class='ocrx_word' id='word_1_59' title='bbox 407 1091 453 1173; x_wconf 88' lang='lat' dir='ltr'>H,</span> <span class='ocrx_word' id='word_1_60' title='bbox 480 1092 536 1157; x_wconf 81' lang='lat'>12:</span> <span class='ocrx_word' id='word_1_61' title='bbox 559 1086 628 1179; x_wconf 74' lang='grc' dir='ltr'><em>ὅσοι</em></span> <span class='ocrx_word' id='word_1_62' title='bbox 650 1090 712 1181; x_wconf 83' lang='grc' dir='ltr'><em>γὰρ</em></span> <span class='ocrx_word' id='word_1_63' title='bbox 735 1086 920 1175; x_wconf 73' lang='grc' dir='ltr'><strong><em>ἑτοιμότατ’</em></strong></span> <span class='ocrx_word' id='word_1_64' title='bbox 942 1087 1032 1179; x_wconf 78' lang='grc' dir='ltr'><em>αύτῷ</em></span> <span class='ocrx_word' id='word_1_65' title='bbox 1054 1092 1217 1176; x_wconf 83' lang='grc' dir='ltr'><em>δοκοῦμεν</em></span> <span class='ocrx_word' id='word_1_66' title='bbox 1228 1094 1383 1183; x_wconf 74' lang='grc' dir='ltr'><em>χρῆσθαι,</em></span> <span class='ocrx_word' id='word_1_67' title='bbox 1405 1089 1554 1178; x_wconf 87' lang='grc' dir='ltr'><em>τοσούτῳ</em></span> <span class='ocrx_word' id='word_1_68' title='bbox 1567 1092 1696 1175; x_wconf 84' lang='grc' dir='ltr'><em>μᾶλλον</em></span> <span class='ocrx_word' id='word_1_69' title='bbox 1709 1084 1890 1161; x_wconf 76' lang='grc' dir='ltr'><em>ἀπιποῦσι</em></span> <span class='ocrx_word' id='word_1_70' title='bbox 1912 1090 2039 1175; x_wconf 87' lang='grc' dir='ltr'><em>πάντες</em></span> 
     </span>
     <span class='ocr_line' id='line_1_8' title="bbox 303 1169 2035 1268; baseline 0.004 -26"><span class='ocrx_word' id='word_1_71' title='bbox 303 1169 419 1262; x_wconf 76' lang='grc' dir='ltr'><em>αύτῷ.</em></span> <span class='ocrx_word' id='word_1_72' title='bbox 453 1180 521 1259; x_wconf 79' lang='lat' dir='ltr'>Qui</span> <span class='ocrx_word' id='word_1_73' title='bbox 535 1181 631 1245; x_wconf 88' lang='lat' dir='ltr'>locus</span> <span class='ocrx_word' id='word_1_74' title='bbox 645 1202 748 1265; x_wconf 88' lang='lat' dir='ltr'>quam</span> <span class='ocrx_word' id='word_1_75' title='bbox 764 1180 890 1245; x_wconf 89' lang='lat' dir='ltr'>multas</span> <span class='ocrx_word' id='word_1_76' title='bbox 904 1177 1029 1246; x_wconf 85' lang='lat' dir='ltr'>habeat</span> <span class='ocrx_word' id='word_1_77' title='bbox 1044 1180 1275 1263; x_wconf 84' lang='lat' dir='ltr'>difficultates,</span> <span class='ocrx_word' id='word_1_78' title='bbox 1297 1179 1415 1245; x_wconf 87' lang='lat' dir='ltr'>uideas</span> <span class='ocrx_word' id='word_1_79' title='bbox 1430 1180 1523 1267; x_wconf 89' lang='lat' dir='ltr'>apud</span> <span class='ocrx_word' id='word_1_80' title='bbox 1538 1180 1719 1247; x_wconf 76' lang='lat' dir='ltr'>Blassiunn</span> <span class='ocrx_word' id='word_1_81' title='bbox 1764 1181 1839 1246; x_wconf 83' lang='lat' dir='ltr'>Iam</span> <span class='ocrx_word' id='word_1_82' title='bbox 1853 1190 2035 1268; x_wconf 82' lang='lat' dir='ltr'>antequam</span> 
     </span>
    </p>
   </div>
   <div class='ocr_carea' id='block_1_5' title="bbox 302 1263 2150 1356">
    <p class='ocr_par' dir='ltr' id='par_1_6' title="bbox 302 1263 2150 1356">
     <span class='ocr_line' id='line_1_9' title="bbox 302 1263 2150 1356; baseline 0.005 -27"><span class='ocrx_word' id='word_1_83' title='bbox 302 1266 395 1349; x_wconf 89' lang='lat' dir='ltr'>quod</span> <span class='ocrx_word' id='word_1_84' title='bbox 416 1266 475 1334; x_wconf 90' lang='lat' dir='ltr'>ille</span> <span class='ocrx_word' id='word_1_85' title='bbox 505 1269 639 1335; x_wconf 91' lang='lat' dir='ltr'>monuit</span> <span class='ocrx_word' id='word_1_86' title='bbox 668 1270 826 1355; x_wconf 86' lang='lat' dir='ltr'>legeram,</span> <span class='ocrx_word' id='word_1_87' title='bbox 849 1263 939 1354; x_wconf 77' lang='grc' dir='ltr'><em>αὐτῷ</em></span> <span class='ocrx_word' id='word_1_88' title='bbox 960 1280 1039 1356; x_wconf 91' lang='lat' dir='ltr'>post</span> <span class='ocrx_word' id='word_1_89' title='bbox 1061 1266 1185 1347; x_wconf 84' lang='grc' dir='ltr'><em>πάντες</em></span> <span class='ocrx_word' id='word_1_90' title='bbox 1207 1270 1418 1352; x_wconf 77' lang='lat' dir='ltr'>secluseram,</span> <span class='ocrx_word' id='word_1_91' title='bbox 1446 1292 1515 1355; x_wconf 89' lang='lat' dir='ltr'>qua</span> <span class='ocrx_word' id='word_1_92' title='bbox 1544 1269 1580 1333; x_wconf 92' lang='lat' dir='ltr'>in</span> <span class='ocrx_word' id='word_1_93' title='bbox 1611 1293 1647 1335; x_wconf 90' lang='lat' dir='ltr'>re</span> <span class='ocrx_word' id='word_1_94' title='bbox 1677 1269 1770 1355; x_wconf 91' lang='lat' dir='ltr'>quod</span> <span class='ocrx_word' id='word_1_95' title='bbox 1799 1293 1854 1335; x_wconf 93' lang='lat' dir='ltr'>me</span> <span class='ocrx_word' id='word_1_96' title='bbox 1884 1293 1953 1337; x_wconf 88' lang='lat' dir='ltr'>non</span> <span class='ocrx_word' id='word_1_97' title='bbox 1983 1296 2037 1338; x_wconf 87' lang='lat' dir='ltr'>se-</span> <span class='ocrx_word' id='word_1_98' title='bbox 2145 1310 2150 1319; x_wconf 88' lang='lat'>·</span> 
     </span>
    </p>
   </div>
   <div class='ocr_carea' id='block_1_6' title="bbox 287 1357 2038 5066">
    <p class='ocr_par' dir='ltr' id='par_1_7' title="bbox 301 1357 2035 1625">
     <span class='ocr_line' id='line_1_10' title="bbox 301 1357 2035 1446; baseline 0.006 -28"><span class='ocrx_word' id='word_1_99' title='bbox 301 1363 401 1420; x_wconf 81' lang='lat' dir='ltr'>catus</span> <span class='ocrx_word' id='word_1_100' title='bbox 427 1365 488 1441; x_wconf 84' lang='lat' dir='ltr'>est,</span> <span class='ocrx_word' id='word_1_101' title='bbox 511 1357 617 1424; x_wconf 83' lang='lat' dir='ltr'>dolce.</span> <span class='ocrx_word' id='word_1_102' title='bbox 664 1358 761 1423; x_wconf 82' lang='lat' dir='ltr'>Talia</span> <span class='ocrx_word' id='word_1_103' title='bbox 784 1357 875 1423; x_wconf 89' lang='lat' dir='ltr'>enim</span> <span class='ocrx_word' id='word_1_104' title='bbox 898 1358 960 1424; x_wconf 91' lang='lat' dir='ltr'>ubi</span> <span class='ocrx_word' id='word_1_105' title='bbox 990 1359 1131 1425; x_wconf 71' lang='lat' dir='ltr'>ucenae</span> <span class='ocrx_word' id='word_1_106' title='bbox 1155 1365 1251 1424; x_wconf 89' lang='lat' dir='ltr'>erant</span> <span class='ocrx_word' id='word_1_107' title='bbox 1273 1359 1310 1423; x_wconf 92' lang='lat' dir='ltr'>in</span> <span class='ocrx_word' id='word_1_108' title='bbox 1332 1358 1519 1446; x_wconf 84' lang='lat' dir='ltr'>archetypo</span> <span class='ocrx_word' id='word_1_109' title='bbox 1542 1358 1799 1445; x_wconf 88' lang='lat' dir='ltr'>interponentes</span> <span class='ocrx_word' id='word_1_110' title='bbox 1820 1362 2035 1445; x_wconf 88' lang='lat' dir='ltr'>grammatici</span> 
     </span>
     <span class='ocr_line' id='line_1_11' title="bbox 304 1443 2035 1534; baseline 0.005 -27"><span class='ocrx_word' id='word_1_111' title='bbox 304 1443 391 1509; x_wconf 91' lang='lat' dir='ltr'>bene</span> <span class='ocrx_word' id='word_1_112' title='bbox 413 1447 577 1513; x_wconf 88' lang='lat' dir='ltr'>meruisse</span> <span class='ocrx_word' id='word_1_113' title='bbox 600 1447 666 1513; x_wconf 91' lang='lat' dir='ltr'>sibi</span> <span class='ocrx_word' id='word_1_114' title='bbox 689 1445 905 1512; x_wconf 87' lang='lat' dir='ltr'>uidebantur.</span> <span class='ocrx_word' id='word_1_115' title='bbox 949 1449 1135 1534; x_wconf 80' lang='lat' dir='ltr'>Nunquam</span> <span class='ocrx_word' id='word_1_116' title='bbox 1158 1446 1250 1512; x_wconf 89' lang='lat' dir='ltr'>enim</span> <span class='ocrx_word' id='word_1_117' title='bbox 1272 1446 1358 1513; x_wconf 90' lang='lat' dir='ltr'>mihi</span> <span class='ocrx_word' id='word_1_118' title='bbox 1380 1447 1576 1533; x_wconf 85' lang='lat' dir='ltr'>persuaderi</span> <span class='ocrx_word' id='word_1_119' title='bbox 1598 1448 1711 1534; x_wconf 85' lang='lat' dir='ltr'>patiar</span> <span class='ocrx_word' id='word_1_120' title='bbox 1732 1449 1816 1513; x_wconf 86' lang='lat' dir='ltr'>talia</span> <span class='ocrx_word' id='word_1_121' title='bbox 1838 1458 2035 1534; x_wconf 83' lang='lat' dir='ltr'>aequatam</span> 
     </span>
     <span class='ocr_line' id='line_1_12' title="bbox 303 1534 2035 1625; baseline 0.006 -27"><span class='ocrx_word' id='word_1_122' title='bbox 303 1534 402 1618; x_wconf 88' lang='lat' dir='ltr'>graui</span> <span class='ocrx_word' id='word_1_123' title='bbox 415 1534 452 1600; x_wconf 92' lang='lat' dir='ltr'>in</span> <span class='ocrx_word' id='word_1_124' title='bbox 468 1536 541 1602; x_wconf 90' lang='lat' dir='ltr'>loco</span> <span class='ocrx_word' id='word_1_125' title='bbox 554 1544 720 1603; x_wconf 85' lang='lat' dir='ltr'>oratorem</span> <span class='ocrx_word' id='word_1_126' title='bbox 732 1535 876 1601; x_wconf 82' lang='lat' dir='ltr'>eximiae</span> <span class='ocrx_word' id='word_1_127' title='bbox 891 1537 975 1602; x_wconf 91' lang='lat' dir='ltr'>artis</span> <span class='ocrx_word' id='word_1_128' title='bbox 989 1534 1200 1625; x_wconf 88' lang='lat' dir='ltr'>repetiuisse.</span> <span class='ocrx_word' id='word_1_129' title='bbox 1228 1575 1271 1587; x_wconf 92' lang='lat'><em>-</em></span> <span class='ocrx_word' id='word_1_130' title='bbox 1285 1568 1306 1602; x_wconf 85' lang='grc' dir='ltr'><em>υ</em></span> <span class='ocrx_word' id='word_1_131' title='bbox 1319 1575 1362 1587; x_wconf 92' lang='grc'><strong>-</strong></span> <span class='ocrx_word' id='word_1_132' title='bbox 1376 1567 1395 1598; x_wconf 88' lang='grc' dir='ltr'><em>υ</em></span> <span class='ocrx_word' id='word_1_133' title='bbox 1417 1559 1487 1603; x_wconf 92' lang='lat' dir='ltr'>non</span> <span class='ocrx_word' id='word_1_134' title='bbox 1502 1536 1539 1601; x_wconf 94' lang='lat' dir='ltr'>in</span> <span class='ocrx_word' id='word_1_135' title='bbox 1554 1536 1689 1602; x_wconf 81' lang='lat' dir='ltr'>uitiosis</span> <span class='ocrx_word' id='word_1_136' title='bbox 1705 1537 1850 1603; x_wconf 87' lang='lat' dir='ltr'>habetur</span> <span class='ocrx_word' id='word_1_137' title='bbox 1864 1538 2035 1617; x_wconf 77' lang='lat' dir='ltr'>clausulis.</span> 
     </span>
    </p>

    <p class='ocr_par' dir='ltr' id='par_1_8' title="bbox 299 1618 2038 2613">
     <span class='ocr_line' id='line_1_13' title="bbox 409 1618 2034 1734; baseline 0.004 -45"><span class='ocrx_word' id='word_1_138' title='bbox 409 1624 454 1708; x_wconf 91' lang='grc' dir='ltr'>Π,</span> <span class='ocrx_word' id='word_1_139' title='bbox 481 1627 537 1690; x_wconf 86' lang='grc'>13;</span> <span class='ocrx_word' id='word_1_140' title='bbox 566 1621 627 1692; x_wconf 83' lang='grc' dir='ltr'>κάν</span> <span class='ocrx_word' id='word_1_141' title='bbox 640 1627 730 1691; x_wconf 81' lang='grc' dir='ltr'><em>ταῦτ’</em></span> <span class='ocrx_word' id='word_1_142' title='bbox 745 1620 928 1734; x_wconf 70' lang='grc' dir='ltr'><em>ἐθελήσηθ’</em></span> <span class='ocrx_word' id='word_1_143' title='bbox 952 1620 997 1704; x_wconf 89' lang='grc' dir='ltr'><em>ῶς</em></span> <span class='ocrx_word' id='word_1_144' title='bbox 1012 1618 1187 1715; x_wconf 88' lang='grc' dir='ltr'><em>προςήκει</em></span> <span class='ocrx_word' id='word_1_145' title='bbox 1201 1623 1269 1691; x_wconf 89' lang='grc' dir='ltr'><em>καί</em></span> <span class='ocrx_word' id='word_1_146' title='bbox 1292 1627 1356 1692; x_wconf 90' lang='grc' dir='ltr'>δεῖ</span> <span class='ocrx_word' id='word_1_147' title='bbox 1376 1629 1607 1716; x_wconf 75' lang='grc' dir='ltr'><em>περαίνειν,</em></span> <span class='ocrx_word' id='word_1_148' title='bbox 1631 1619 1670 1692; x_wconf 88' lang='grc' dir='ltr'><em>ού</em></span> <span class='ocrx_word' id='word_1_149' title='bbox 1690 1626 1864 1709; x_wconf 88' lang='grc' dir='ltr'><em>μόνον...</em></span> <span class='ocrx_word' id='word_1_150' title='bbox 1887 1628 1929 1696; x_wconf 81' lang='grc' dir='ltr'><em>τὰ</em></span> <span class='ocrx_word' id='word_1_151' title='bbox 1950 1651 2034 1713; x_wconf 90' lang='grc' dir='ltr'><em>συμ-</em></span> 
     </span>
     <span class='ocr_line' id='line_1_14' title="bbox 299 1704 2033 1803; baseline 0.003 -31"><span class='ocrx_word' id='word_1_152' title='bbox 299 1707 423 1792; x_wconf 85' lang='grc' dir='ltr'><em>μαχικά</em></span> <span class='ocrx_word' id='word_1_153' title='bbox 448 1704 599 1790; x_wconf 72' lang='grc' dir='ltr'><em>ἀσθενῶς</em></span> <span class='ocrx_word' id='word_1_154' title='bbox 622 1707 679 1777; x_wconf 88' lang='grc' dir='ltr'><em>καί</em></span> <span class='ocrx_word' id='word_1_155' title='bbox 700 1705 851 1788; x_wconf 89' lang='grc' dir='ltr'><em>ἀπίστως</em></span> <span class='ocrx_word' id='word_1_156' title='bbox 872 1710 988 1793; x_wconf 74' lang='grc' dir='ltr'><em>ἔχοντα</em></span> <span class='ocrx_word' id='word_1_157' title='bbox 1011 1709 1194 1800; x_wconf 84' lang='grc' dir='ltr'><em>φανήσεται</em></span> <span class='ocrx_word' id='word_1_158' title='bbox 1222 1707 1436 1796; x_wconf 75' lang='grc' dir='ltr'>Φιλίππῳ,</span> <span class='ocrx_word' id='word_1_159' title='bbox 1459 1705 1543 1778; x_wconf 81' lang='grc' dir='ltr'><em>ἀλλά</em></span> <span class='ocrx_word' id='word_1_160' title='bbox 1568 1709 1686 1777; x_wconf 82' lang='grc' dir='ltr'><em>καὶτὰ</em></span> <span class='ocrx_word' id='word_1_161' title='bbox 1707 1714 1765 1799; x_wconf 79' lang='grc' dir='ltr'>τῆς</span> <span class='ocrx_word' id='word_1_162' title='bbox 1788 1708 1912 1792; x_wconf 75' lang='grc' dir='ltr'><strong><em>οἰκείας</em></strong></span> <span class='ocrx_word' id='word_1_163' title='bbox 1934 1707 2033 1803; x_wconf 77' lang='grc' dir='ltr'><em>ἀρχῆς</em></span> 
     </span>
     <span class='ocr_line' id='line_1_15' title="bbox 302 1795 2036 1888; baseline -0.001 -20"><span class='ocrx_word' id='word_1_164' title='bbox 302 1796 357 1868; x_wconf 90' lang='grc' dir='ltr'><em>καί</em></span> <span class='ocrx_word' id='word_1_165' title='bbox 379 1796 548 1886; x_wconf 88' lang='grc' dir='ltr'><em>δυνάμεως</em></span> <span class='ocrx_word' id='word_1_166' title='bbox 561 1801 671 1877; x_wconf 91' lang='grc' dir='ltr'><em>κακῶς</em></span> <span class='ocrx_word' id='word_1_167' title='bbox 685 1795 809 1882; x_wconf 75' lang='grc' dir='ltr'><em>ἔχοντ’</em></span> <span class='ocrx_word' id='word_1_168' title='bbox 831 1796 1188 1888; x_wconf 66' lang='grc' dir='ltr'><em>ἐξελεγχθήσεται.</em></span> <span class='ocrx_word' id='word_1_169' title='bbox 1212 1821 1261 1884; x_wconf 90' lang='lat' dir='ltr'>pr.</span> <span class='ocrx_word' id='word_1_170' title='bbox 1291 1804 1321 1864; x_wconf 80' lang='grc' dir='ltr'><em>Σ</em></span> <span class='ocrx_word' id='word_1_171' title='bbox 1349 1796 1405 1864; x_wconf 89' lang='grc' dir='ltr'><em>καί</em></span> <span class='ocrx_word' id='word_1_172' title='bbox 1427 1800 1488 1869; x_wconf 86' lang='grc' dir='ltr'><em>δεῖ.</em></span> <span class='ocrx_word' id='word_1_173' title='bbox 1511 1799 1614 1865; x_wconf 90' lang='lat' dir='ltr'>ceteri</span> <span class='ocrx_word' id='word_1_174' title='bbox 1637 1800 1693 1866; x_wconf 87' lang='grc' dir='ltr'><em>καί</em></span> <span class='ocrx_word' id='word_1_175' title='bbox 1708 1796 1759 1887; x_wconf 85' lang='grc' dir='ltr'>δή.</span> <span class='ocrx_word' id='word_1_176' title='bbox 1781 1799 1904 1865; x_wconf 88' lang='lat' dir='ltr'>deinde</span> <span class='ocrx_word' id='word_1_177' title='bbox 1926 1824 1978 1888; x_wconf 89' lang='lat' dir='ltr'>pr.</span> <span class='ocrx_word' id='word_1_178' title='bbox 2006 1808 2036 1867; x_wconf 75' lang='grc' dir='ltr'><em>Σ</em></span> 
     </span>
     <span class='ocr_line' id='line_1_16' title="bbox 301 1884 2032 1978; baseline 0.001 -24"><span class='ocrx_word' id='word_1_179' title='bbox 301 1896 477 1975; x_wconf 78' lang='grc' dir='ltr'><em>παραινεῖν</em></span> <span class='ocrx_word' id='word_1_180' title='bbox 496 1910 558 1977; x_wconf 90' lang='lat' dir='ltr'>pro</span> <span class='ocrx_word' id='word_1_181' title='bbox 590 1886 768 1977; x_wconf 87' lang='grc' dir='ltr'><em>περαίνειν.</em></span> <span class='ocrx_word' id='word_1_182' title='bbox 805 1889 928 1954; x_wconf 89' lang='lat' dir='ltr'>Nescio</span> <span class='ocrx_word' id='word_1_183' title='bbox 951 1910 996 1953; x_wconf 85' lang='lat' dir='ltr'>an</span> <span class='ocrx_word' id='word_1_184' title='bbox 1018 1899 1131 1955; x_wconf 89' lang='lat' dir='ltr'>orator</span> <span class='ocrx_word' id='word_1_185' title='bbox 1153 1887 1295 1955; x_wconf 80' lang='lat' dir='ltr'>dixerit:</span> <span class='ocrx_word' id='word_1_186' title='bbox 1333 1885 1389 1952; x_wconf 87' lang='grc' dir='ltr'><em>καί</em></span> <span class='ocrx_word' id='word_1_187' title='bbox 1411 1884 1701 1978; x_wconf 79' lang='grc' dir='ltr'>διαπράττειν,</span> <span class='ocrx_word' id='word_1_188' title='bbox 1732 1911 1810 1953; x_wconf 87' lang='lat' dir='ltr'>cum</span> <span class='ocrx_word' id='word_1_189' title='bbox 1832 1891 2032 1975; x_wconf 86' lang='lat' dir='ltr'>praesertim</span> 
     </span>
     <span class='ocr_line' id='line_1_17' title="bbox 301 1971 2035 2064; baseline 0.003 -25"><span class='ocrx_word' id='word_1_190' title='bbox 301 1971 520 2061; x_wconf 77' lang='grc' dir='ltr'>διαπράττειν</span> <span class='ocrx_word' id='word_1_191' title='bbox 541 1977 579 2041; x_wconf 92' lang='lat' dir='ltr'>in</span> <span class='ocrx_word' id='word_1_192' title='bbox 601 1976 664 2040; x_wconf 89' lang='lat' dir='ltr'>hac</span> <span class='ocrx_word' id='word_1_193' title='bbox 688 1977 859 2043; x_wconf 89' lang='lat' dir='ltr'>sententia</span> <span class='ocrx_word' id='word_1_194' title='bbox 881 1976 1017 2064; x_wconf 89' lang='lat' dir='ltr'>saepius</span> <span class='ocrx_word' id='word_1_195' title='bbox 1041 1977 1246 2044; x_wconf 90' lang='lat' dir='ltr'>inueniatur.</span> <span class='ocrx_word' id='word_1_196' title='bbox 1282 1973 1350 2041; x_wconf 86' lang='lat' dir='ltr'>Sed</span> <span class='ocrx_word' id='word_1_197' title='bbox 1365 1974 1457 2040; x_wconf 90' lang='lat' dir='ltr'>hunc</span> <span class='ocrx_word' id='word_1_198' title='bbox 1471 1977 1585 2042; x_wconf 85' lang='lat' dir='ltr'>locum</span> <span class='ocrx_word' id='word_1_199' title='bbox 1600 1978 1784 2063; x_wconf 87' lang='lat' dir='ltr'>praeterire</span> <span class='ocrx_word' id='word_1_200' title='bbox 1800 1999 1868 2043; x_wconf 89' lang='lat' dir='ltr'>non</span> <span class='ocrx_word' id='word_1_201' title='bbox 1883 2000 2035 2064; x_wconf 58' lang='lat' dir='ltr'>possum.</span> 
     </span>
     <span class='ocr_line' id='line_1_18' title="bbox 302 2063 2032 2153; baseline 0.005 -27"><span class='ocrx_word' id='word_1_202' title='bbox 302 2063 387 2147; x_wconf 90' lang='lat' dir='ltr'>quin</span> <span class='ocrx_word' id='word_1_203' title='bbox 416 2063 578 2150; x_wconf 89' lang='lat' dir='ltr'>profitear</span> <span class='ocrx_word' id='word_1_204' title='bbox 607 2088 661 2129; x_wconf 90' lang='lat' dir='ltr'>me</span> <span class='ocrx_word' id='word_1_205' title='bbox 684 2065 841 2131; x_wconf 90' lang='lat' dir='ltr'>dubitare</span> <span class='ocrx_word' id='word_1_206' title='bbox 872 2074 1028 2132; x_wconf 88' lang='lat' dir='ltr'>oratorne</span> <span class='ocrx_word' id='word_1_207' title='bbox 1058 2090 1200 2133; x_wconf 89' lang='lat' dir='ltr'>reuera</span> <span class='ocrx_word' id='word_1_208' title='bbox 1222 2071 1292 2130; x_wconf 83' lang='lat' dir='ltr'>tam</span> <span class='ocrx_word' id='word_1_209' title='bbox 1315 2064 1474 2131; x_wconf 89' lang='lat' dir='ltr'>similiter</span> <span class='ocrx_word' id='word_1_210' title='bbox 1494 2074 1609 2153; x_wconf 90' lang='lat' dir='ltr'>partes</span> <span class='ocrx_word' id='word_1_211' title='bbox 1632 2066 1764 2151; x_wconf 89' lang='lat' dir='ltr'>periodi</span> <span class='ocrx_word' id='word_1_212' title='bbox 1789 2069 2032 2153; x_wconf 82' lang='lat' dir='ltr'>composuerit:</span> 
     </span>
     <span class='ocr_line' id='line_1_19' title="bbox 300 2149 2033 2262; baseline 0.003 -42"><span class='ocrx_word' id='word_1_213' title='bbox 300 2152 417 2236; x_wconf 62' lang='grc' dir='ltr'><em>ίγοντα</em></span> <span class='ocrx_word' id='word_1_214' title='bbox 439 2151 689 2244; x_wconf 89' lang='grc' dir='ltr'><em>φανήσεται-</em></span> <span class='ocrx_word' id='word_1_215' title='bbox 711 2150 811 2236; x_wconf 60' lang='grc' dir='ltr'><em>ἐήοντ</em></span> <span class='ocrx_word' id='word_1_216' title='bbox 833 2149 1116 2262; x_wconf 74' lang='grc' dir='ltr'><em>ἐξελεγγθήσεται.</em></span> <span class='ocrx_word' id='word_1_217' title='bbox 1159 2156 1206 2222; x_wconf 92' lang='lat' dir='ltr'>Ni</span> <span class='ocrx_word' id='word_1_218' title='bbox 1233 2152 1341 2235; x_wconf 75' lang='lat' dir='ltr'>fallor,</span> <span class='ocrx_word' id='word_1_219' title='bbox 1364 2153 1611 2220; x_wconf 80' lang='lat' dir='ltr'>Demosthenes</span> <span class='ocrx_word' id='word_1_220' title='bbox 1634 2153 1734 2237; x_wconf 58' lang='grc' dir='ltr'><em>ἤγοντ’</em></span> <span class='ocrx_word' id='word_1_221' title='bbox 1759 2154 2033 2245; x_wconf 68' lang='grc' dir='ltr'><em>ἐξελεγχθήσεται</em></span> 
     </span>
     <span class='ocr_line' id='line_1_20' title="bbox 300 2238 2031 2332; baseline 0.003 -25"><span class='ocrx_word' id='word_1_222' title='bbox 300 2262 475 2324; x_wconf 89' lang='lat' dir='ltr'>nunquam</span> <span class='ocrx_word' id='word_1_223' title='bbox 506 2242 653 2329; x_wconf 86' lang='lat' dir='ltr'>scripsit.</span> <span class='ocrx_word' id='word_1_224' title='bbox 694 2240 752 2307; x_wconf 86' lang='lat' dir='ltr'>An</span> <span class='ocrx_word' id='word_1_225' title='bbox 772 2240 1046 2332; x_wconf 74' lang='grc' dir='ltr'><em>ἐξελεγχθήσεται</em></span> <span class='ocrx_word' id='word_1_226' title='bbox 1067 2245 1147 2330; x_wconf 88' lang='lat' dir='ltr'>plus</span> <span class='ocrx_word' id='word_1_227' title='bbox 1177 2245 1270 2311; x_wconf 87' lang='lat' dir='ltr'>ualet</span> <span class='ocrx_word' id='word_1_228' title='bbox 1292 2263 1395 2327; x_wconf 89' lang='lat' dir='ltr'>quam</span> <span class='ocrx_word' id='word_1_229' title='bbox 1417 2238 1626 2331; x_wconf 64' lang='grc' dir='ltr'><em>φανήσεταιί</em></span> <span class='ocrx_word' id='word_1_230' title='bbox 1658 2244 1716 2308; x_wconf 78' lang='lat' dir='ltr'>An</span> <span class='ocrx_word' id='word_1_231' title='bbox 1739 2244 1926 2329; x_wconf 84' lang='lat' dir='ltr'>quidquam</span> <span class='ocrx_word' id='word_1_232' title='bbox 1951 2257 2031 2327; x_wconf 81' lang='lat' dir='ltr'>erat,</span> 
     </span>
     <span class='ocr_line' id='line_1_21' title="bbox 300 2330 2031 2441; baseline 0.003 -46"><span class='ocrx_word' id='word_1_233' title='bbox 300 2353 360 2396; x_wconf 86' lang='lat' dir='ltr'>cur</span> <span class='ocrx_word' id='word_1_234' title='bbox 381 2330 481 2412; x_wconf 66' lang='lat' dir='ltr'>iicovc’</span> <span class='ocrx_word' id='word_1_235' title='bbox 503 2330 733 2419; x_wconf 82' lang='lat' dir='ltr'>repeteretur?</span> <span class='ocrx_word' id='word_1_236' title='bbox 777 2330 821 2395; x_wconf 91' lang='lat' dir='ltr'>In</span> <span class='ocrx_word' id='word_1_237' title='bbox 851 2331 915 2396; x_wconf 91' lang='lat' dir='ltr'>hac</span> <span class='ocrx_word' id='word_1_238' title='bbox 945 2330 1152 2399; x_wconf 83' lang='lat' dir='ltr'>obscuritate</span> <span class='ocrx_word' id='word_1_239' title='bbox 1184 2354 1297 2399; x_wconf 89' lang='lat' dir='ltr'>rernm</span> <span class='ocrx_word' id='word_1_240' title='bbox 1325 2331 1520 2416; x_wconf 86' lang='lat' dir='ltr'>quicunque</span> <span class='ocrx_word' id='word_1_241' title='bbox 1543 2355 1597 2397; x_wconf 90' lang='lat' dir='ltr'>me</span> <span class='ocrx_word' id='word_1_242' title='bbox 1622 2340 1791 2418; x_wconf 83' lang='lat' dir='ltr'>sequetur,</span> <span class='ocrx_word' id='word_1_243' title='bbox 1823 2332 1973 2441; x_wconf 87' lang='lat' dir='ltr'>perbene</span> <span class='ocrx_word' id='word_1_244' title='bbox 1996 2350 2031 2401; x_wconf 89' lang='lat' dir='ltr'>et</span> 
     </span>
     <span class='ocr_line' id='line_1_22' title="bbox 299 2416 2038 2507; baseline 0.003 -22"><span class='ocrx_word' id='word_1_245' title='bbox 299 2421 460 2485; x_wconf 85' lang='lat' dir='ltr'>acerrime</span> <span class='ocrx_word' id='word_1_246' title='bbox 471 2421 651 2507; x_wconf 87' lang='lat' dir='ltr'>periodum</span> <span class='ocrx_word' id='word_1_247' title='bbox 663 2418 850 2501; x_wconf 74' lang='lat' dir='ltr'>concludet</span> <span class='ocrx_word' id='word_1_248' title='bbox 864 2442 942 2485; x_wconf 92' lang='lat' dir='ltr'>cum</span> <span class='ocrx_word' id='word_1_249' title='bbox 953 2424 1154 2507; x_wconf 89' lang='lat' dir='ltr'>praesertim</span> <span class='ocrx_word' id='word_1_250' title='bbox 1166 2424 1217 2489; x_wconf 91' lang='lat' dir='ltr'>ita</span> <span class='ocrx_word' id='word_1_251' title='bbox 1227 2419 1383 2507; x_wconf 84' lang='lat' dir='ltr'>gradatio</span> <span class='ocrx_word' id='word_1_252' title='bbox 1395 2420 1577 2506; x_wconf 88' lang='lat' dir='ltr'>quaedam:</span> <span class='ocrx_word' id='word_1_253' title='bbox 1592 2416 1753 2501; x_wconf 68' lang='grc' dir='ltr'><em>ἀσθενῶς,</em></span> <span class='ocrx_word' id='word_1_254' title='bbox 1764 2417 2038 2503; x_wconf 87' lang='grc' dir='ltr'><em>ἀπιστως,κακῶς</em></span> 
     </span>
     <span class='ocr_line' id='line_1_23' title="bbox 302 2508 2031 2613; baseline 0.003 -39"><span class='ocrx_word' id='word_1_255' title='bbox 302 2518 473 2595; x_wconf 87' lang='lat' dir='ltr'>appareat.</span> <span class='ocrx_word' id='word_1_256' title='bbox 507 2511 628 2595; x_wconf 89' lang='lat' dir='ltr'>Neque</span> <span class='ocrx_word' id='word_1_257' title='bbox 644 2508 736 2574; x_wconf 90' lang='lat' dir='ltr'>enim</span> <span class='ocrx_word' id='word_1_258' title='bbox 751 2514 842 2573; x_wconf 82' lang='lat' dir='ltr'>recte</span> <span class='ocrx_word' id='word_1_259' title='bbox 857 2509 1022 2613; x_wconf 84' lang='lat' dir='ltr'>temporis</span> <span class='ocrx_word' id='word_1_260' title='bbox 1041 2512 1136 2578; x_wconf 92' lang='lat' dir='ltr'>notio</span> <span class='ocrx_word' id='word_1_261' title='bbox 1151 2512 1216 2578; x_wconf 90' lang='lat' dir='ltr'>hoo</span> <span class='ocrx_word' id='word_1_262' title='bbox 1232 2511 1305 2575; x_wconf 91' lang='lat' dir='ltr'>loco</span> <span class='ocrx_word' id='word_1_263' title='bbox 1321 2508 1401 2574; x_wconf 88' lang='lat' dir='ltr'>addi</span> <span class='ocrx_word' id='word_1_264' title='bbox 1416 2508 1562 2590; x_wconf 84' lang='lat' dir='ltr'>uidetur,</span> <span class='ocrx_word' id='word_1_265' title='bbox 1587 2510 1646 2575; x_wconf 88' lang='lat' dir='ltr'>sed</span> <span class='ocrx_word' id='word_1_266' title='bbox 1661 2510 1710 2574; x_wconf 90' lang='lat' dir='ltr'>rei</span> <span class='ocrx_word' id='word_1_267' title='bbox 1726 2510 1835 2596; x_wconf 88' lang='lat' dir='ltr'>ipsius</span> <span class='ocrx_word' id='word_1_268' title='bbox 1858 2510 2031 2595; x_wconf 71' lang='lat' dir='ltr'>perfectio.</span> 
     </span>
    </p>

    <p class='ocr_par' dir='ltr' id='par_1_9' title="bbox 300 2588 2034 3132">
     <span class='ocr_line' id='line_1_24' title="bbox 405 2588 2030 2690; baseline 0.003 -28"><span class='ocrx_word' id='word_1_269' title='bbox 405 2598 451 2679; x_wconf 91' lang='grc' dir='ltr'>ΙΙ,</span> <span class='ocrx_word' id='word_1_270' title='bbox 475 2601 533 2664; x_wconf 87' lang='lat'>18:</span> <span class='ocrx_word' id='word_1_271' title='bbox 556 2596 643 2688; x_wconf 87' lang='grc' dir='ltr'><em>πρὸς</em></span> <span class='ocrx_word' id='word_1_272' title='bbox 664 2596 726 2687; x_wconf 84' lang='grc' dir='ltr'><em>γάρ</em></span> <span class='ocrx_word' id='word_1_273' title='bbox 748 2590 790 2664; x_wconf 76' lang='grc' dir='ltr'><em>αὖ</em></span> <span class='ocrx_word' id='word_1_274' title='bbox 812 2602 884 2675; x_wconf 81' lang='grc' dir='ltr'><em>τοῖς</em></span> <span class='ocrx_word' id='word_1_275' title='bbox 904 2588 1022 2676; x_wconf 87' lang='grc' dir='ltr'><em>ἀλλοις</em></span> <span class='ocrx_word' id='word_1_276' title='bbox 1042 2598 1099 2666; x_wconf 91' lang='grc' dir='ltr'><em>καί</em></span> <span class='ocrx_word' id='word_1_277' title='bbox 1119 2600 1179 2690; x_wconf 89' lang='grc' dir='ltr'><em>τήν</em></span> <span class='ocrx_word' id='word_1_278' title='bbox 1204 2595 1399 2689; x_wconf 81' lang='grc' dir='ltr'><em>φιλοτιμίαν</em></span> <span class='ocrx_word' id='word_1_279' title='bbox 1415 2594 1664 2686; x_wconf 79' lang='grc' dir='ltr'><em>ἀνυπέρβλητον</em></span> <span class='ocrx_word' id='word_1_280' title='bbox 1678 2591 1770 2668; x_wconf 81' lang='grc' dir='ltr'><em>εἶναι.</em></span> <span class='ocrx_word' id='word_1_281' title='bbox 1796 2599 1874 2664; x_wconf 90' lang='lat' dir='ltr'>uide</span> <span class='ocrx_word' id='word_1_282' title='bbox 1889 2621 1933 2663; x_wconf 91' lang='lat' dir='ltr'>ne</span> <span class='ocrx_word' id='word_1_283' title='bbox 1948 2599 2030 2667; x_wconf 80' lang='lat' dir='ltr'>haec</span> 
     </span>
     <span class='ocr_line' id='line_1_25' title="bbox 300 2685 2033 2774; baseline 0.004 -24"><span class='ocrx_word' id='word_1_284' title='bbox 300 2686 406 2752; x_wconf 90' lang='lat' dir='ltr'>uerba</span> <span class='ocrx_word' id='word_1_285' title='bbox 428 2688 626 2753; x_wconf 81' lang='lat' dir='ltr'>contineant</span> <span class='ocrx_word' id='word_1_286' title='bbox 648 2696 748 2773; x_wconf 88' lang='lat' dir='ltr'>turpe</span> <span class='ocrx_word' id='word_1_287' title='bbox 771 2685 942 2769; x_wconf 87' lang='lat' dir='ltr'>quoddam</span> <span class='ocrx_word' id='word_1_288' title='bbox 965 2686 1139 2753; x_wconf 83' lang='lat' dir='ltr'>emblema.</span> <span class='ocrx_word' id='word_1_289' title='bbox 1179 2687 1293 2768; x_wconf 80' lang='lat' dir='ltr'>Quid?</span> <span class='ocrx_word' id='word_1_290' title='bbox 1317 2685 1358 2751; x_wconf 88' lang='lat' dir='ltr'>de</span> <span class='ocrx_word' id='word_1_291' title='bbox 1382 2686 1492 2772; x_wconf 90' lang='lat' dir='ltr'>gloria</span> <span class='ocrx_word' id='word_1_292' title='bbox 1514 2687 1671 2773; x_wconf 90' lang='lat' dir='ltr'>Philippi</span> <span class='ocrx_word' id='word_1_293' title='bbox 1693 2710 1806 2753; x_wconf 86' lang='lat' dir='ltr'>nonne</span> <span class='ocrx_word' id='word_1_294' title='bbox 1829 2690 1867 2753; x_wconf 89' lang='lat' dir='ltr'>in</span> <span class='ocrx_word' id='word_1_295' title='bbox 1889 2688 1909 2774; x_wconf 66' lang='grc' dir='ltr'><strong>ξ</strong></span> <span class='ocrx_word' id='word_1_296' title='bbox 1935 2690 1975 2755; x_wconf 82' lang='grc'>15</span> <span class='ocrx_word' id='word_1_297' title='bbox 1999 2706 2033 2757; x_wconf 89' lang='lat' dir='ltr'>et</span> 
     </span>
     <span class='ocr_line' id='line_1_26' title="bbox 304 2770 2033 2870; baseline 0.005 -31"><span class='ocrx_word' id='word_1_298' title='bbox 304 2775 344 2840; x_wconf 88' lang='grc'>16</span> <span class='ocrx_word' id='word_1_299' title='bbox 371 2777 454 2841; x_wconf 91' lang='lat' dir='ltr'>satis</span> <span class='ocrx_word' id='word_1_300' title='bbox 483 2777 618 2863; x_wconf 89' lang='lat' dir='ltr'>copiose</span> <span class='ocrx_word' id='word_1_301' title='bbox 642 2774 753 2841; x_wconf 82' lang='lat' dir='ltr'>dixit?</span> <span class='ocrx_word' id='word_1_302' title='bbox 783 2796 853 2839; x_wconf 90' lang='lat' dir='ltr'>non</span> <span class='ocrx_word' id='word_1_303' title='bbox 883 2774 989 2840; x_wconf 87' lang='lat' dir='ltr'>uerba</span> <span class='ocrx_word' id='word_1_304' title='bbox 1017 2776 1162 2842; x_wconf 88' lang='lat' dir='ltr'>addens:</span> <span class='ocrx_word' id='word_1_305' title='bbox 1195 2775 1398 2862; x_wconf 70' lang='grc' dir='ltr'><em>βουλόμενον</em></span> <span class='ocrx_word' id='word_1_306' title='bbox 1428 2774 1531 2841; x_wconf 75' lang='grc' dir='ltr'><em>πάνθ’</em></span> <span class='ocrx_word' id='word_1_307' title='bbox 1554 2770 1655 2842; x_wconf 77' lang='grc' dir='ltr'><em>αὑτοῦ</em></span> <span class='ocrx_word' id='word_1_308' title='bbox 1676 2777 1784 2843; x_wconf 83' lang='grc' dir='ltr'><em>δοκεῖν</em></span> <span class='ocrx_word' id='word_1_309' title='bbox 1814 2771 1899 2846; x_wconf 77' lang='grc' dir='ltr'><em>εἶναι</em></span> <span class='ocrx_word' id='word_1_310' title='bbox 1927 2771 2033 2870; x_wconf 82' lang='grc' dir='ltr'><em>τάργα</em></span> 
     </span>
     <span class='ocr_line' id='line_1_27' title="bbox 301 2862 2034 2979; baseline 0.002 -49"><span class='ocrx_word' id='word_1_311' title='bbox 301 2864 415 2930; x_wconf 88' lang='lat' dir='ltr'>omnia</span> <span class='ocrx_word' id='word_1_312' title='bbox 445 2866 528 2931; x_wconf 89' lang='lat' dir='ltr'>satis</span> <span class='ocrx_word' id='word_1_313' title='bbox 561 2886 729 2979; x_wconf 85' lang='lat' dir='ltr'>superque</span> <span class='ocrx_word' id='word_1_314' title='bbox 757 2862 1026 2929; x_wconf 81' lang='lat' dir='ltr'>demonstrauit?</span> <span class='ocrx_word' id='word_1_315' title='bbox 1061 2867 1156 2944; x_wconf 84' lang='lat' dir='ltr'>Quae</span> <span class='ocrx_word' id='word_1_316' title='bbox 1178 2866 1316 2932; x_wconf 85' lang='lat' dir='ltr'>tandem</span> <span class='ocrx_word' id='word_1_317' title='bbox 1340 2864 1427 2929; x_wconf 87' lang='lat' dir='ltr'>uitia</span> <span class='ocrx_word' id='word_1_318' title='bbox 1449 2886 1560 2950; x_wconf 90' lang='lat' dir='ltr'>nuper</span> <span class='ocrx_word' id='word_1_319' title='bbox 1581 2865 1766 2930; x_wconf 88' lang='lat' dir='ltr'>attulerat?</span> <span class='ocrx_word' id='word_1_320' title='bbox 1804 2867 1871 2943; x_wconf 76' lang='lat' dir='ltr'>Qui</span> <span class='ocrx_word' id='word_1_321' title='bbox 1894 2867 1931 2932; x_wconf 91' lang='lat' dir='ltr'>in</span> <span class='ocrx_word' id='word_1_322' title='bbox 1954 2868 2034 2955; x_wconf 70' lang='lat'>§19</span> 
     </span>
     <span class='ocr_line' id='line_1_28' title="bbox 303 2950 2033 3043; baseline 0.002 -24"><span class='ocrx_word' id='word_1_323' title='bbox 303 2953 377 3033; x_wconf 81' lang='grc' dir='ltr'><em>τοὺς</em></span> <span class='ocrx_word' id='word_1_324' title='bbox 397 2950 571 3033; x_wconf 81' lang='grc' dir='ltr'><em>τοιούτους</em></span> <span class='ocrx_word' id='word_1_325' title='bbox 592 2960 690 3043; x_wconf 72' lang='grc' dir='ltr'><em>ανθρ.</em></span> <span class='ocrx_word' id='word_1_326' title='bbox 718 2953 887 3038; x_wconf 73' lang='lat' dir='ltr'>repetiuit,</span> <span class='ocrx_word' id='word_1_327' title='bbox 918 2974 988 3017; x_wconf 89' lang='lat' dir='ltr'>non</span> <span class='ocrx_word' id='word_1_328' title='bbox 1011 2953 1184 3022; x_wconf 88' lang='lat' dir='ltr'>dubitauit</span> <span class='ocrx_word' id='word_1_329' title='bbox 1211 2954 1294 3021; x_wconf 88' lang='lat' dir='ltr'>haec</span> <span class='ocrx_word' id='word_1_330' title='bbox 1324 2950 1460 3040; x_wconf 88' lang='lat' dir='ltr'>quoque</span> <span class='ocrx_word' id='word_1_331' title='bbox 1489 2952 1621 3019; x_wconf 87' lang='lat' dir='ltr'>addere.</span> <span class='ocrx_word' id='word_1_332' title='bbox 1650 2975 1737 3037; x_wconf 90' lang='lat' dir='ltr'>quae</span> <span class='ocrx_word' id='word_1_333' title='bbox 1761 2956 1822 3039; x_wconf 91' lang='lat' dir='ltr'>qui</span> <span class='ocrx_word' id='word_1_334' title='bbox 1844 2957 2033 3023; x_wconf 83' lang='lat' dir='ltr'>remanebit</span> 
     </span>
     <span class='ocr_line' id='line_1_29' title="bbox 300 3041 1340 3132; baseline 0.003 -27"><span class='ocrx_word' id='word_1_335' title='bbox 300 3050 390 3106; x_wconf 89' lang='lat' dir='ltr'>certe</span> <span class='ocrx_word' id='word_1_336' title='bbox 413 3065 454 3106; x_wconf 85' lang='lat' dir='ltr'>ex</span> <span class='ocrx_word' id='word_1_337' title='bbox 478 3042 719 3109; x_wconf 88' lang='lat' dir='ltr'>Demosthenis</span> <span class='ocrx_word' id='word_1_338' title='bbox 743 3063 866 3107; x_wconf 89' lang='lat' dir='ltr'>corona</span> <span class='ocrx_word' id='word_1_339' title='bbox 887 3041 977 3106; x_wconf 89' lang='lat' dir='ltr'>nihil</span> <span class='ocrx_word' id='word_1_340' title='bbox 999 3042 1122 3130; x_wconf 90' lang='lat' dir='ltr'>eripiet</span> <span class='ocrx_word' id='word_1_341' title='bbox 1144 3044 1340 3132; x_wconf 88' lang='lat' dir='ltr'>pretiosum.</span> 
     </span>
    </p>

    <p class='ocr_par' dir='ltr' id='par_1_10' title="bbox 292 3126 2034 4546">
     <span class='ocr_line' id='line_1_30' title="bbox 387 3126 2034 3240; baseline 0.003 -43"><span class='ocrx_word' id='word_1_342' title='bbox 387 3130 432 3212; x_wconf 87' lang='grc' dir='ltr'>Π,</span> <span class='ocrx_word' id='word_1_343' title='bbox 458 3133 517 3197; x_wconf 81' lang='lat'>15:</span> <span class='ocrx_word' id='word_1_344' title='bbox 539 3126 611 3201; x_wconf 84' lang='grc' dir='ltr'><em>ἀλλ’</em></span> <span class='ocrx_word' id='word_1_345' title='bbox 634 3127 733 3215; x_wconf 78' lang='grc' dir='ltr'>ῶμέν</span> <span class='ocrx_word' id='word_1_346' title='bbox 756 3128 855 3219; x_wconf 81' lang='grc' dir='ltr'><em>δόξης</em></span> <span class='ocrx_word' id='word_1_347' title='bbox 877 3130 1042 3215; x_wconf 74' lang='grc' dir='ltr'><em>ἐπιθυμεῖ</em></span> <span class='ocrx_word' id='word_1_348' title='bbox 1070 3131 1125 3199; x_wconf 85' lang='grc' dir='ltr'><em>καί</em></span> <span class='ocrx_word' id='word_1_349' title='bbox 1154 3135 1240 3201; x_wconf 84' lang='grc' dir='ltr'><em>τοῦτ’</em></span> <span class='ocrx_word' id='word_1_350' title='bbox 1262 3130 1423 3222; x_wconf 76' lang='grc' dir='ltr'><em>ἐζήλωκεν</em></span> <span class='ocrx_word' id='word_1_351' title='bbox 1452 3130 1520 3196; x_wconf 87' lang='grc' dir='ltr'><em>καί</em></span> <span class='ocrx_word' id='word_1_352' title='bbox 1541 3126 1778 3240; x_wconf 74' lang='grc' dir='ltr'><em>προῄρηται</em></span> <span class='ocrx_word' id='word_1_353' title='bbox 1801 3129 1956 3221; x_wconf 77' lang='grc' dir='ltr'><em>πράττων</em></span> <span class='ocrx_word' id='word_1_354' title='bbox 1977 3135 2034 3202; x_wconf 80' lang='grc' dir='ltr'><em>καί</em></span> 
     </span>
     <span class='ocr_line' id='line_1_31' title="bbox 299 3206 2033 3323; baseline 0.004 -41"><span class='ocrx_word' id='word_1_355' title='bbox 299 3213 502 3297; x_wconf 85' lang='grc' dir='ltr'><em>κινδυνεύων,</em></span> <span class='ocrx_word' id='word_1_356' title='bbox 524 3213 565 3287; x_wconf 82' lang='grc' dir='ltr'>ἀν</span> <span class='ocrx_word' id='word_1_357' title='bbox 578 3219 689 3323; x_wconf 67' lang='grc' dir='ltr'><em>συμηλή</em></span> <span class='ocrx_word' id='word_1_358' title='bbox 702 3240 735 3282; x_wconf 91' lang='grc' dir='ltr'><em>τι</em></span> <span class='ocrx_word' id='word_1_359' title='bbox 750 3220 885 3295; x_wconf 78' lang='grc' dir='ltr'><em>παθεῖν,</em></span> <span class='ocrx_word' id='word_1_360' title='bbox 908 3216 968 3304; x_wconf 83' lang='grc' dir='ltr'><em>τήν</em></span> <span class='ocrx_word' id='word_1_361' title='bbox 984 3221 1042 3283; x_wconf 80' lang='grc' dir='ltr'>τοῦ</span> <span class='ocrx_word' id='word_1_362' title='bbox 1064 3214 1321 3307; x_wconf 79' lang='grc' dir='ltr'><em>διαπράξασθαι</em></span> <span class='ocrx_word' id='word_1_363' title='bbox 1336 3221 1444 3293; x_wconf 72' lang='grc' dir='ltr'><em>ταῦθ’,</em></span> <span class='ocrx_word' id='word_1_364' title='bbox 1467 3206 1490 3283; x_wconf 79' lang='grc' dir='ltr'><em>ἀ</em></span> <span class='ocrx_word' id='word_1_365' title='bbox 1512 3215 1627 3303; x_wconf 87' lang='grc' dir='ltr'><em>μηδείς</em></span> <span class='ocrx_word' id='word_1_366' title='bbox 1642 3221 1774 3283; x_wconf 84' lang='grc' dir='ltr'><em>πωποτ’</em></span> <span class='ocrx_word' id='word_1_367' title='bbox 1795 3210 1899 3298; x_wconf 83' lang='grc' dir='ltr'><em>ἀλλος</em></span> <span class='ocrx_word' id='word_1_368' title='bbox 1912 3226 2033 3289; x_wconf 84' lang='grc' dir='ltr'><em>Μακε-</em></span> 
     </span>
     <span class='ocr_line' id='line_1_32' title="bbox 299 3298 2033 3419; baseline 0.002 -48"><span class='ocrx_word' id='word_1_369' title='bbox 299 3299 403 3371; x_wconf 85' lang='grc' dir='ltr'><em>δόνων</em></span> <span class='ocrx_word' id='word_1_370' title='bbox 421 3305 588 3388; x_wconf 77' lang='grc' dir='ltr'><em>βασιλεὺς,</em></span> <span class='ocrx_word' id='word_1_371' title='bbox 612 3305 713 3385; x_wconf 84' lang='grc' dir='ltr'><em>δοξαν</em></span> <span class='ocrx_word' id='word_1_372' title='bbox 738 3298 810 3371; x_wconf 87' lang='grc' dir='ltr'><em>ἀντί</em></span> <span class='ocrx_word' id='word_1_373' title='bbox 829 3307 889 3371; x_wconf 82' lang='grc' dir='ltr'>τοῦ</span> <span class='ocrx_word' id='word_1_374' title='bbox 905 3305 960 3393; x_wconf 80' lang='grc' dir='ltr'>ζῆν</span> <span class='ocrx_word' id='word_1_375' title='bbox 982 3298 1143 3393; x_wconf 77' lang='grc' dir='ltr'><em>ἀσφαλῶς</em></span> <span class='ocrx_word' id='word_1_376' title='bbox 1161 3303 1335 3397; x_wconf 73' lang='grc' dir='ltr'><em>ᾑρημένος.</em></span> <span class='ocrx_word' id='word_1_377' title='bbox 1369 3306 1480 3371; x_wconf 89' lang='lat' dir='ltr'>Multa</span> <span class='ocrx_word' id='word_1_378' title='bbox 1503 3305 1651 3370; x_wconf 90' lang='lat' dir='ltr'>mutauit</span> <span class='ocrx_word' id='word_1_379' title='bbox 1674 3305 1846 3370; x_wconf 80' lang='lat' dir='ltr'>Blassius:</span> <span class='ocrx_word' id='word_1_380' title='bbox 1869 3303 1910 3374; x_wconf 78' lang='grc' dir='ltr'>ἀν</span> <span class='ocrx_word' id='word_1_381' title='bbox 1923 3312 2033 3419; x_wconf 72' lang='grc' dir='ltr'><em>συμβῇ</em></span> 
     </span>
     <span class='ocr_line' id='line_1_33' title="bbox 298 3391 2029 3481; baseline 0.005 -25"><span class='ocrx_word' id='word_1_382' title='bbox 298 3414 341 3457; x_wconf 86' lang='lat' dir='ltr'>ex</span> <span class='ocrx_word' id='word_1_383' title='bbox 372 3394 510 3459; x_wconf 86' lang='lat' dir='ltr'>scholiis</span> <span class='ocrx_word' id='word_1_384' title='bbox 540 3394 670 3459; x_wconf 88' lang='lat' dir='ltr'>iniuria</span> <span class='ocrx_word' id='word_1_385' title='bbox 699 3394 846 3479; x_wconf 86' lang='lat' dir='ltr'>sumpsit</span> <span class='ocrx_word' id='word_1_386' title='bbox 877 3394 922 3481; x_wconf 85' lang='lat'>(4,</span> <span class='ocrx_word' id='word_1_387' title='bbox 946 3395 982 3457; x_wconf 81' lang='lat' dir='ltr'>b:</span> <span class='ocrx_word' id='word_1_388' title='bbox 1018 3395 1073 3461; x_wconf 88' lang='grc' dir='ltr'><em>καί</em></span> <span class='ocrx_word' id='word_1_389' title='bbox 1093 3400 1165 3473; x_wconf 80' lang='grc' dir='ltr'><em>τοῖς</em></span> <span class='ocrx_word' id='word_1_390' title='bbox 1187 3393 1346 3462; x_wconf 70' lang='grc' dir='ltr'><em>ἐθέλουσι</em></span> <span class='ocrx_word' id='word_1_391' title='bbox 1368 3400 1480 3461; x_wconf 78' lang='grc' dir='ltr'><em>πονεῖν</em></span> <span class='ocrx_word' id='word_1_392' title='bbox 1502 3392 1557 3458; x_wconf 85' lang='grc' dir='ltr'><em>καί</em></span> <span class='ocrx_word' id='word_1_393' title='bbox 1580 3391 1779 3462; x_wconf 79' lang='grc' dir='ltr'><em>κινδυνεύειν</em></span> <span class='ocrx_word' id='word_1_394' title='bbox 1799 3394 1840 3461; x_wconf 82' lang='grc' dir='ltr'><em>τά</em></span> <span class='ocrx_word' id='word_1_395' title='bbox 1863 3400 1926 3463; x_wconf 87' lang='grc' dir='ltr'><em>τῶν</em></span> <span class='ocrx_word' id='word_1_396' title='bbox 1948 3422 2029 3481; x_wconf 84' lang='grc' dir='ltr'><em>αμε-</em></span> 
     </span>
     <span class='ocr_line' id='line_1_34' title="bbox 299 3479 2029 3569; baseline -0.001 -20"><span class='ocrx_word' id='word_1_397' title='bbox 299 3479 470 3566; x_wconf 89' lang='grc' dir='ltr'><em>λούντων),</em></span> <span class='ocrx_word' id='word_1_398' title='bbox 486 3479 643 3567; x_wconf 83' lang='grc' dir='ltr'><em>βασιλεύς</em></span> <span class='ocrx_word' id='word_1_399' title='bbox 658 3481 758 3546; x_wconf 90' lang='lat' dir='ltr'>eiecit</span> <span class='ocrx_word' id='word_1_400' title='bbox 773 3482 965 3566; x_wconf 70' lang='lat' dir='ltr'>(immerito</span> <span class='ocrx_word' id='word_1_401' title='bbox 979 3487 1019 3546; x_wconf 87' lang='lat' dir='ltr'>ut</span> <span class='ocrx_word' id='word_1_402' title='bbox 1031 3482 1116 3548; x_wconf 86' lang='lat' dir='ltr'>mihi</span> <span class='ocrx_word' id='word_1_403' title='bbox 1128 3484 1268 3569; x_wconf 89' lang='lat' dir='ltr'>quidem</span> <span class='ocrx_word' id='word_1_404' title='bbox 1280 3482 1426 3563; x_wconf 76' lang='lat' dir='ltr'>uidetur,</span> <span class='ocrx_word' id='word_1_405' title='bbox 1440 3492 1510 3548; x_wconf 89' lang='lat' dir='ltr'>tam</span> <span class='ocrx_word' id='word_1_406' title='bbox 1521 3483 1558 3547; x_wconf 90' lang='lat' dir='ltr'>in</span> <span class='ocrx_word' id='word_1_407' title='bbox 1570 3483 1708 3569; x_wconf 85' lang='lat' dir='ltr'>pusillis</span> <span class='ocrx_word' id='word_1_408' title='bbox 1720 3483 1821 3547; x_wconf 84' lang='lat' dir='ltr'>rebus</span> <span class='ocrx_word' id='word_1_409' title='bbox 1833 3485 2029 3550; x_wconf 77' lang='lat' dir='ltr'>auctoribus</span> 
     </span>
     <span class='ocr_line' id='line_1_35' title="bbox 298 3566 2031 3661; baseline 0.002 -25"><span class='ocrx_word' id='word_1_410' title='bbox 298 3593 372 3636; x_wconf 85' lang='lat' dir='ltr'>raro</span> <span class='ocrx_word' id='word_1_411' title='bbox 396 3570 623 3657; x_wconf 87' lang='lat' dir='ltr'>diligentibus</span> <span class='ocrx_word' id='word_1_412' title='bbox 647 3570 840 3635; x_wconf 72' lang='lat' dir='ltr'>obsecutast</span> <span class='ocrx_word' id='word_1_413' title='bbox 863 3566 1023 3661; x_wconf 81' lang='grc' dir='ltr'><em>ἀσφαλῶς</em></span> <span class='ocrx_word' id='word_1_414' title='bbox 1045 3573 1186 3638; x_wconf 85' lang='lat' dir='ltr'>seclusit</span> <span class='ocrx_word' id='word_1_415' title='bbox 1209 3571 1367 3655; x_wconf 78' lang='lat' dir='ltr'>(similem</span> <span class='ocrx_word' id='word_1_416' title='bbox 1385 3572 1421 3635; x_wconf 92' lang='lat' dir='ltr'>in</span> <span class='ocrx_word' id='word_1_417' title='bbox 1437 3572 1575 3637; x_wconf 86' lang='lat' dir='ltr'>modum</span> <span class='ocrx_word' id='word_1_418' title='bbox 1591 3574 1872 3657; x_wconf 87' lang='lat' dir='ltr'>argumentatus).</span> <span class='ocrx_word' id='word_1_419' title='bbox 1911 3575 2031 3659; x_wconf 90' lang='lat' dir='ltr'>Neque</span> 
     </span>
     <span class='ocr_line' id='line_1_36' title="bbox 298 3657 2032 3750; baseline 0.003 -27"><span class='ocrx_word' id='word_1_420' title='bbox 298 3682 379 3725; x_wconf 91' lang='lat' dir='ltr'>uero</span> <span class='ocrx_word' id='word_1_421' title='bbox 410 3660 463 3724; x_wconf 91' lang='lat' dir='ltr'>his</span> <span class='ocrx_word' id='word_1_422' title='bbox 495 3661 604 3724; x_wconf 89' lang='lat' dir='ltr'>solum</span> <span class='ocrx_word' id='word_1_423' title='bbox 637 3658 796 3725; x_wconf 86' lang='lat' dir='ltr'>offendor.</span> <span class='ocrx_word' id='word_1_424' title='bbox 842 3660 900 3724; x_wconf 87' lang='lat' dir='ltr'>An</span> <span class='ocrx_word' id='word_1_425' title='bbox 930 3660 990 3744; x_wconf 90' lang='lat' dir='ltr'>qui</span> <span class='ocrx_word' id='word_1_426' title='bbox 1021 3661 1104 3725; x_wconf 87' lang='lat' dir='ltr'>artis</span> <span class='ocrx_word' id='word_1_427' title='bbox 1135 3661 1301 3727; x_wconf 89' lang='lat' dir='ltr'>oratoriae</span> <span class='ocrx_word' id='word_1_428' title='bbox 1331 3660 1442 3744; x_wconf 87' lang='lat' dir='ltr'>gloria</span> <span class='ocrx_word' id='word_1_429' title='bbox 1464 3660 1570 3741; x_wconf 74' lang='lat' dir='ltr'>floret,</span> <span class='ocrx_word' id='word_1_430' title='bbox 1595 3660 1679 3726; x_wconf 89' lang='lat' dir='ltr'>dicit</span> <span class='ocrx_word' id='word_1_431' title='bbox 1701 3658 1756 3725; x_wconf 92' lang='grc' dir='ltr'><em>καί</em></span> <span class='ocrx_word' id='word_1_432' title='bbox 1779 3657 1969 3750; x_wconf 64' lang='grc' dir='ltr'><em>προῄρηται</em></span> <span class='ocrx_word' id='word_1_433' title='bbox 1989 3702 2032 3714; x_wconf 90' lang='grc'><strong>-</strong></span> 
     </span>
     <span class='ocr_line' id='line_1_37' title="bbox 298 3744 2032 3839; baseline 0.001 -26"><span class='ocrx_word' id='word_1_434' title='bbox 298 3745 488 3839; x_wconf 47' lang='grc' dir='ltr'><em>,ήρημίνοςὲ</em></span> <span class='ocrx_word' id='word_1_435' title='bbox 517 3747 650 3813; x_wconf 89' lang='lat' dir='ltr'>Deinde</span> <span class='ocrx_word' id='word_1_436' title='bbox 667 3748 835 3833; x_wconf 90' lang='lat' dir='ltr'>quomodo</span> <span class='ocrx_word' id='word_1_437' title='bbox 850 3749 1100 3834; x_wconf 87' lang='lat' dir='ltr'>pleonasmum:</span> <span class='ocrx_word' id='word_1_438' title='bbox 1124 3750 1296 3834; x_wconf 69' lang='grc' dir='ltr'><em>ἐπιθυμεῖ,</em></span> <span class='ocrx_word' id='word_1_439' title='bbox 1311 3744 1483 3836; x_wconf 80' lang='grc' dir='ltr'><em>ἐζήλωκεν,</em></span> <span class='ocrx_word' id='word_1_440' title='bbox 1500 3746 1690 3838; x_wconf 79' lang='grc' dir='ltr'><em>προῄρηται</em></span> <span class='ocrx_word' id='word_1_441' title='bbox 1714 3759 1805 3813; x_wconf 81' lang='lat' dir='ltr'>recte</span> <span class='ocrx_word' id='word_1_442' title='bbox 1820 3749 2032 3835; x_wconf 84' lang='lat' dir='ltr'>explicabis?</span> 
     </span>
     <span class='ocr_line' id='line_1_38' title="bbox 297 3837 2030 3925; baseline -0.001 -18"><span class='ocrx_word' id='word_1_443' title='bbox 297 3840 442 3907; x_wconf 63' lang='lat' dir='ltr'>,decedit</span> <span class='ocrx_word' id='word_1_444' title='bbox 464 3840 563 3924; x_wconf 86' lang='lat' dir='ltr'>quod.</span> <span class='ocrx_word' id='word_1_445' title='bbox 587 3840 760 3905; x_wconf 76' lang='lat' dir='ltr'>Blossium</span> <span class='ocrx_word' id='word_1_446' title='bbox 783 3840 813 3905; x_wconf 89' lang='lat' dir='ltr'>si</span> <span class='ocrx_word' id='word_1_447' title='bbox 835 3862 1023 3925; x_wconf 85' lang='lat' dir='ltr'>sequemur,</span> <span class='ocrx_word' id='word_1_448' title='bbox 1046 3840 1133 3904; x_wconf 79' lang='grc' dir='ltr'><em>τοῦτ’</em></span> <span class='ocrx_word' id='word_1_449' title='bbox 1156 3837 1358 3923; x_wconf 87' lang='lat' dir='ltr'>languidum</span> <span class='ocrx_word' id='word_1_450' title='bbox 1375 3846 1434 3919; x_wconf 77' lang='lat' dir='ltr'>est</span> <span class='ocrx_word' id='word_1_451' title='bbox 1458 3839 1549 3922; x_wconf 91' lang='lat' dir='ltr'>quod</span> <span class='ocrx_word' id='word_1_452' title='bbox 1565 3838 1753 3903; x_wconf 89' lang='lat' dir='ltr'>rectissime</span> <span class='ocrx_word' id='word_1_453' title='bbox 1770 3860 1805 3901; x_wconf 89' lang='lat' dir='ltr'>se</span> <span class='ocrx_word' id='word_1_454' title='bbox 1829 3837 1977 3921; x_wconf 70' lang='lat' dir='ltr'>habebit</span> <span class='ocrx_word' id='word_1_455' title='bbox 2001 3841 2030 3905; x_wconf 89' lang='lat' dir='ltr'>si</span> 
     </span>
     <span class='ocr_line' id='line_1_39' title="bbox 293 3925 2029 4015; baseline -0.002 -19"><span class='ocrx_word' id='word_1_456' title='bbox 293 3930 380 3997; x_wconf 73' lang='grc' dir='ltr'><em>τοῦτ’</em></span> <span class='ocrx_word' id='word_1_457' title='bbox 402 3929 595 4015; x_wconf 88' lang='lat' dir='ltr'>participiis</span> <span class='ocrx_word' id='word_1_458' title='bbox 620 3938 654 3992; x_wconf 89' lang='lat' dir='ltr'>et</span> <span class='ocrx_word' id='word_1_459' title='bbox 669 3928 843 3994; x_wconf 88' lang='lat' dir='ltr'>infinitiuo</span> <span class='ocrx_word' id='word_1_460' title='bbox 866 3934 993 3996; x_wconf 69' lang='grc' dir='ltr'><em>ποθεῖν</em></span> <span class='ocrx_word' id='word_1_461' title='bbox 1016 3926 1225 4012; x_wconf 85' lang='lat' dir='ltr'>explicatum</span> <span class='ocrx_word' id='word_1_462' title='bbox 1249 3925 1417 3991; x_wconf 85' lang='lat' dir='ltr'>statueris.</span> <span class='ocrx_word' id='word_1_463' title='bbox 1453 3929 1528 4012; x_wconf 87' lang='lat' dir='ltr'>Ego</span> <span class='ocrx_word' id='word_1_464' title='bbox 1543 3926 1635 3992; x_wconf 90' lang='lat' dir='ltr'>enim</span> <span class='ocrx_word' id='word_1_465' title='bbox 1652 3927 1701 3990; x_wconf 89' lang='lat' dir='ltr'>sic</span> <span class='ocrx_word' id='word_1_466' title='bbox 1724 3926 1837 3991; x_wconf 88' lang='lat' dir='ltr'>locum</span> <span class='ocrx_word' id='word_1_467' title='bbox 1852 3936 2029 3994; x_wconf 80' lang='lat' dir='ltr'>conuerte:</span> 
     </span>
     <span class='ocr_line' id='line_1_40' title="bbox 294 4014 2028 4104; baseline 0 -21"><span class='ocrx_word' id='word_1_468' title='bbox 294 4019 353 4085; x_wconf 87' lang='lat' dir='ltr'>sed</span> <span class='ocrx_word' id='word_1_469' title='bbox 383 4018 439 4082; x_wconf 88' lang='lat' dir='ltr'>hic</span> <span class='ocrx_word' id='word_1_470' title='bbox 470 4019 600 4103; x_wconf 87' lang='lat' dir='ltr'>gloriae</span> <span class='ocrx_word' id='word_1_471' title='bbox 631 4018 746 4083; x_wconf 89' lang='lat' dir='ltr'>studet</span> <span class='ocrx_word' id='word_1_472' title='bbox 777 4040 918 4102; x_wconf 91' lang='lat' dir='ltr'>eamque</span> <span class='ocrx_word' id='word_1_473' title='bbox 948 4019 1038 4104; x_wconf 89' lang='lat' dir='ltr'>petit</span> <span class='ocrx_word' id='word_1_474' title='bbox 1068 4023 1102 4080; x_wconf 91' lang='lat' dir='ltr'>et</span> <span class='ocrx_word' id='word_1_475' title='bbox 1136 4016 1222 4081; x_wconf 88' lang='lat' dir='ltr'>bene</span> <span class='ocrx_word' id='word_1_476' title='bbox 1252 4023 1287 4080; x_wconf 87' lang='lat' dir='ltr'>et</span> <span class='ocrx_word' id='word_1_477' title='bbox 1309 4014 1499 4100; x_wconf 87' lang='lat' dir='ltr'>periculose</span> <span class='ocrx_word' id='word_1_478' title='bbox 1521 4016 1629 4097; x_wconf 79' lang='lat' dir='ltr'>factis,</span> <span class='ocrx_word' id='word_1_479' title='bbox 1654 4015 1798 4101; x_wconf 89' lang='lat' dir='ltr'>gloriam</span> <span class='ocrx_word' id='word_1_480' title='bbox 1821 4015 1914 4081; x_wconf 89' lang='lat' dir='ltr'>uitae</span> <span class='ocrx_word' id='word_1_481' title='bbox 1937 4026 2028 4083; x_wconf 74' lang='lat' dir='ltr'>tran</span> 
     </span>
     <span class='ocr_line' id='line_1_41' title="bbox 294 4102 2027 4216; baseline -0.001 -43"><span class='ocrx_word' id='word_1_482' title='bbox 294 4107 420 4197; x_wconf 81' lang='lat' dir='ltr'>quillus</span> <span class='ocrx_word' id='word_1_483' title='bbox 444 4129 483 4172; x_wconf 87' lang='lat' dir='ltr'>ac</span> <span class='ocrx_word' id='word_1_484' title='bbox 505 4115 600 4172; x_wconf 87' lang='lat' dir='ltr'>tutae</span> <span class='ocrx_word' id='word_1_485' title='bbox 621 4106 825 4216; x_wconf 88' lang='lat' dir='ltr'>praeferens.</span> <span class='ocrx_word' id='word_1_486' title='bbox 875 4108 1052 4172; x_wconf 87' lang='lat' dir='ltr'>Postremo</span> <span class='ocrx_word' id='word_1_487' title='bbox 1083 4105 1112 4168; x_wconf 88' lang='lat' dir='ltr'>si</span> <span class='ocrx_word' id='word_1_488' title='bbox 1143 4102 1393 4192; x_wconf 86' lang='lat' dir='ltr'>comparaueris</span> <span class='ocrx_word' id='word_1_489' title='bbox 1423 4104 1515 4169; x_wconf 89' lang='lat' dir='ltr'>hunc</span> <span class='ocrx_word' id='word_1_490' title='bbox 1546 4106 1658 4170; x_wconf 89' lang='lat' dir='ltr'>locum</span> <span class='ocrx_word' id='word_1_491' title='bbox 1689 4126 1767 4168; x_wconf 89' lang='lat' dir='ltr'>cum</span> <span class='ocrx_word' id='word_1_492' title='bbox 1797 4105 1899 4171; x_wconf 88' lang='lat' dir='ltr'>Isocr.</span> <span class='ocrx_word' id='word_1_493' title='bbox 1930 4110 1958 4189; x_wconf 80' lang='grc'>9,</span> <span class='ocrx_word' id='word_1_494' title='bbox 1990 4110 2027 4171; x_wconf 89' lang='lat'>3:</span> 
     </span>
     <span class='ocr_line' id='line_1_42' title="bbox 295 4184 2034 4282; baseline -0.001 -21"><span class='ocrx_word' id='word_1_495' title='bbox 295 4191 477 4282; x_wconf 70' lang='grc' dir='ltr'><em>εὑρήσομεν</em></span> <span class='ocrx_word' id='word_1_496' title='bbox 498 4192 561 4281; x_wconf 84' lang='grc' dir='ltr'><em>γάρ</em></span> <span class='ocrx_word' id='word_1_497' title='bbox 578 4218 653 4271; x_wconf 84' lang='grc' dir='ltr'><em>τους</em></span> <span class='ocrx_word' id='word_1_498' title='bbox 673 4189 873 4280; x_wconf 80' lang='grc' dir='ltr'><em>φιλοτίμους</em></span> <span class='ocrx_word' id='word_1_499' title='bbox 893 4191 949 4259; x_wconf 91' lang='grc' dir='ltr'><em>καί</em></span> <span class='ocrx_word' id='word_1_500' title='bbox 968 4186 1224 4279; x_wconf 72' lang='grc' dir='ltr'><em>μεγαλοψύχους</em></span> <span class='ocrx_word' id='word_1_501' title='bbox 1251 4194 1315 4257; x_wconf 88' lang='grc' dir='ltr'><em>τῶν</em></span> <span class='ocrx_word' id='word_1_502' title='bbox 1346 4184 1475 4280; x_wconf 87' lang='grc' dir='ltr'><em>ἀνδρῶν</em></span> <span class='ocrx_word' id='word_1_503' title='bbox 1503 4184 1543 4257; x_wconf 86' lang='grc' dir='ltr'><em>ού</em></span> <span class='ocrx_word' id='word_1_504' title='bbox 1563 4186 1665 4274; x_wconf 84' lang='grc' dir='ltr'><em>μόνον</em></span> <span class='ocrx_word' id='word_1_505' title='bbox 1693 4184 1764 4257; x_wconf 88' lang='grc' dir='ltr'><em>ἀντί</em></span> <span class='ocrx_word' id='word_1_506' title='bbox 1783 4195 1850 4255; x_wconf 91' lang='grc' dir='ltr'><em>τῶν</em></span> <span class='ocrx_word' id='word_1_507' title='bbox 1869 4190 2034 4259; x_wconf 88' lang='grc' dir='ltr'><em>τοιούτων·</em></span> 
     </span>
     <span class='ocr_line' id='line_1_43' title="bbox 292 4273 2027 4380; baseline -0.002 -31"><span class='ocrx_word' id='word_1_508' title='bbox 292 4284 507 4350; x_wconf 62' lang='grc' dir='ltr'><em>ἐπαινεῖσθαι</em></span> <span class='ocrx_word' id='word_1_509' title='bbox 528 4281 759 4365; x_wconf 69' lang='grc' dir='ltr'><em>βουλομένους,</em></span> <span class='ocrx_word' id='word_1_510' title='bbox 790 4276 862 4348; x_wconf 86' lang='grc' dir='ltr'><em>ἀλλ’</em></span> <span class='ocrx_word' id='word_1_511' title='bbox 884 4275 957 4348; x_wconf 83' lang='grc' dir='ltr'><em>ἀντὶ</em></span> <span class='ocrx_word' id='word_1_512' title='bbox 976 4284 1037 4347; x_wconf 82' lang='grc' dir='ltr'>τοῦ</span> <span class='ocrx_word' id='word_1_513' title='bbox 1052 4283 1106 4369; x_wconf 80' lang='grc' dir='ltr'>ζῆν</span> <span class='ocrx_word' id='word_1_514' title='bbox 1127 4273 1356 4369; x_wconf 65' lang='grc' dir='ltr'><em>ἀποθνήσκειν</em></span> <span class='ocrx_word' id='word_1_515' title='bbox 1378 4275 1522 4360; x_wconf 84' lang='grc' dir='ltr'><em>εύκύλως</em></span> <span class='ocrx_word' id='word_1_516' title='bbox 1543 4278 1768 4380; x_wconf 71' lang='grc' dir='ltr'><em>αἱρουμένους.</em></span> <span class='ocrx_word' id='word_1_517' title='bbox 1792 4279 2027 4365; x_wconf 80' lang='lat' dir='ltr'>suspicaberis,</span> 
     </span>
     <span class='ocr_line' id='line_1_44' title="bbox 292 4360 2032 4456; baseline -0.003 -17"><span class='ocrx_word' id='word_1_518' title='bbox 292 4370 422 4439; x_wconf 83' lang='lat' dir='ltr'>Tiberii</span> <span class='ocrx_word' id='word_1_519' title='bbox 446 4370 533 4436; x_wconf 87' lang='lat' dir='ltr'>illud</span> <span class='ocrx_word' id='word_1_520' title='bbox 553 4372 662 4446; x_wconf 89' lang='grc' dir='ltr'><em>καλῶς</em></span> <span class='ocrx_word' id='word_1_521' title='bbox 684 4392 726 4434; x_wconf 86' lang='lat' dir='ltr'>ex</span> <span class='ocrx_word' id='word_1_522' title='bbox 751 4365 932 4448; x_wconf 88' lang='grc' dir='ltr'><em>εύκύλως</em></span> <span class='ocrx_word' id='word_1_523' title='bbox 954 4378 1067 4435; x_wconf 88' lang='lat' dir='ltr'>ortum</span> <span class='ocrx_word' id='word_1_524' title='bbox 1091 4391 1171 4449; x_wconf 74' lang='lat' dir='ltr'>esse.</span> <span class='ocrx_word' id='word_1_525' title='bbox 1196 4367 1287 4453; x_wconf 90' lang='lat' dir='ltr'>quod</span> <span class='ocrx_word' id='word_1_526' title='bbox 1318 4378 1436 4455; x_wconf 84' lang='lat' dir='ltr'>postea</span> <span class='ocrx_word' id='word_1_527' title='bbox 1463 4369 1500 4432; x_wconf 90' lang='lat' dir='ltr'>iu</span> <span class='ocrx_word' id='word_1_528' title='bbox 1523 4367 1698 4433; x_wconf 81' lang='lat' dir='ltr'>codrcibus</span> <span class='ocrx_word' id='word_1_529' title='bbox 1721 4367 1846 4431; x_wconf 82' lang='lat' dir='ltr'>nostris</span> <span class='ocrx_word' id='word_1_530' title='bbox 1868 4360 2032 4456; x_wconf 73' lang='grc' dir='ltr'><em>ἀσφαλοῦς</em></span> 
     </span>
     <span class='ocr_line' id='line_1_45' title="bbox 292 4458 838 4546; baseline -0.011 -19"><span class='ocrx_word' id='word_1_531' title='bbox 292 4462 408 4527; x_wconf 84' lang='lat' dir='ltr'>addito</span> <span class='ocrx_word' id='word_1_532' title='bbox 431 4461 528 4544; x_wconf 88' lang='lat' dir='ltr'>quasi</span> <span class='ocrx_word' id='word_1_533' title='bbox 553 4459 760 4546; x_wconf 88' lang='lat' dir='ltr'>explicatum</span> <span class='ocrx_word' id='word_1_534' title='bbox 784 4458 838 4522; x_wconf 91' lang='lat' dir='ltr'>sit.</span> 
     </span>
    </p>

    <p class='ocr_par' dir='ltr' id='par_1_11' title="bbox 287 4535 2033 5066">
     <span class='ocr_line' id='line_1_46' title="bbox 397 4535 2028 4635; baseline -0.002 -23"><span class='ocrx_word' id='word_1_535' title='bbox 397 4550 442 4631; x_wconf 90' lang='grc' dir='ltr'>ΙΙ,</span> <span class='ocrx_word' id='word_1_536' title='bbox 466 4551 525 4616; x_wconf 78' lang='lat'>‘282</span> <span class='ocrx_word' id='word_1_537' title='bbox 557 4546 609 4614; x_wconf 78' lang='grc' dir='ltr'><em>ὅτι</em></span> <span class='ocrx_word' id='word_1_538' title='bbox 631 4545 778 4614; x_wconf 76' lang='grc' dir='ltr'><em>ἐνταῦθα</em></span> <span class='ocrx_word' id='word_1_539' title='bbox 797 4537 1104 4630; x_wconf 74' lang='grc' dir='ltr'><em>μίνέστιτάθλα,</em></span> <span class='ocrx_word' id='word_1_540' title='bbox 1128 4535 1277 4634; x_wconf 82' lang='grc' dir='ltr'><em>ύπέρῶν</em></span> <span class='ocrx_word' id='word_1_541' title='bbox 1297 4545 1412 4614; x_wconf 82' lang='grc' dir='ltr'><em>ἐστιν</em></span> <span class='ocrx_word' id='word_1_542' title='bbox 1434 4543 1452 4611; x_wconf 79' lang='lat' dir='ltr'>t</span> <span class='ocrx_word' id='word_1_543' title='bbox 1477 4543 1636 4630; x_wconf 84' lang='grc' dir='ltr'><em>πόλεμος,</em></span> <span class='ocrx_word' id='word_1_544' title='bbox 1661 4542 1850 4628; x_wconf 80' lang='grc' dir='ltr'><em>ὑμέτερα·</em></span> <span class='ocrx_word' id='word_1_545' title='bbox 1880 4540 2028 4635; x_wconf 82' lang='grc' dir='ltr'><em>Ἀμφι-</em></span> 
     </span>
     <span class='ocr_line' id='line_1_47' title="bbox 291 4626 2033 4721; baseline -0.003 -20"><span class='ocrx_word' id='word_1_546' title='bbox 291 4637 414 4713; x_wconf 80' lang='grc' dir='ltr'><em>πολις</em></span> <span class='ocrx_word' id='word_1_547' title='bbox 435 4629 495 4701; x_wconf 81' lang='grc' dir='ltr'>κάν</span> <span class='ocrx_word' id='word_1_548' title='bbox 516 4635 645 4721; x_wconf 70' lang='grc' dir='ltr'><em>ληφθῇ,</em></span> <span class='ocrx_word' id='word_1_549' title='bbox 668 4636 857 4720; x_wconf 81' lang='grc' dir='ltr'><em>παραχρῆμ’</em></span> <span class='ocrx_word' id='word_1_550' title='bbox 874 4628 966 4715; x_wconf 73' lang='grc' dir='ltr'><em>ὑμεῖς</em></span> <span class='ocrx_word' id='word_1_551' title='bbox 987 4635 1171 4716; x_wconf 76' lang='grc' dir='ltr'><em>κομιεῖσθε·</em></span> <span class='ocrx_word' id='word_1_552' title='bbox 1197 4626 1227 4693; x_wconf 79' lang='grc' dir='ltr'>ολ</span> <span class='ocrx_word' id='word_1_553' title='bbox 1244 4629 1282 4697; x_wconf 83' lang='grc' dir='ltr'>δὲ</span> <span class='ocrx_word' id='word_1_554' title='bbox 1297 4632 1440 4697; x_wconf 83' lang='grc' dir='ltr'><em>κίνδυνοι</em></span> <span class='ocrx_word' id='word_1_555' title='bbox 1455 4633 1520 4695; x_wconf 91' lang='grc' dir='ltr'><em>τῶν</em></span> <span class='ocrx_word' id='word_1_556' title='bbox 1534 4627 1763 4719; x_wconf 71' lang='grc' dir='ltr'><em>ἐφεστηκότων</em></span> <span class='ocrx_word' id='word_1_557' title='bbox 1787 4628 1878 4705; x_wconf 82' lang='grc' dir='ltr'><em>ίδιοι,</em></span> <span class='ocrx_word' id='word_1_558' title='bbox 1900 4631 2033 4713; x_wconf 77' lang='grc' dir='ltr'><em>μισθὸς</em></span> 
     </span>
     <span class='ocr_line' id='line_1_48' title="bbox 290 4711 2023 4806; baseline -0.002 -20"><span class='ocrx_word' id='word_1_559' title='bbox 290 4714 379 4786; x_wconf 63' lang='lat' dir='ltr'>corta</span> <span class='ocrx_word' id='word_1_560' title='bbox 400 4717 497 4785; x_wconf 85' lang='grc' dir='ltr'><em>ἐστίν·</em></span> <span class='ocrx_word' id='word_1_561' title='bbox 530 4718 598 4788; x_wconf 74' lang='grc' dir='ltr'><em>ἐκεῖ</em></span> <span class='ocrx_word' id='word_1_562' title='bbox 618 4718 656 4787; x_wconf 83' lang='grc' dir='ltr'><em>δέ</em></span> <span class='ocrx_word' id='word_1_563' title='bbox 678 4714 822 4784; x_wconf 83' lang='grc' dir='ltr'><em>κίνδυνοι</em></span> <span class='ocrx_word' id='word_1_564' title='bbox 842 4717 902 4802; x_wconf 80' lang='grc' dir='ltr'><em>μὲν</em></span> <span class='ocrx_word' id='word_1_565' title='bbox 924 4714 1091 4797; x_wconf 83' lang='grc' dir='ltr'><em>ἐλάττους,</em></span> <span class='ocrx_word' id='word_1_566' title='bbox 1121 4714 1163 4782; x_wconf 85' lang='grc' dir='ltr'><em>τά</em></span> <span class='ocrx_word' id='word_1_567' title='bbox 1187 4714 1225 4782; x_wconf 86' lang='grc' dir='ltr'><em>δέ</em></span> <span class='ocrx_word' id='word_1_568' title='bbox 1246 4711 1401 4803; x_wconf 90' lang='grc' dir='ltr'><em>λήμματα</em></span> <span class='ocrx_word' id='word_1_569' title='bbox 1424 4714 1525 4783; x_wconf 84' lang='grc' dir='ltr'><em>τῶνέ</em></span> <span class='ocrx_word' id='word_1_570' title='bbox 1556 4715 1739 4803; x_wconf 89' lang='grc' dir='ltr'><em>εστηκότων</em></span> <span class='ocrx_word' id='word_1_571' title='bbox 1760 4712 1901 4781; x_wconf 82' lang='grc' dir='ltr'><em>καὶτῶν</em></span> <span class='ocrx_word' id='word_1_572' title='bbox 1923 4738 2023 4806; x_wconf 87' lang='grc' dir='ltr'><em>στρα-</em></span> 
     </span>
     <span class='ocr_line' id='line_1_49' title="bbox 288 4737 2022 4892; baseline -0.005 -18"><span class='ocrx_word' id='word_1_573' title='bbox 288 4807 424 4884; x_wconf 86' lang='grc' dir='ltr'><em>τιωτῶν,</em></span> <span class='ocrx_word' id='word_1_574' title='bbox 447 4802 653 4892; x_wconf 76' lang='grc' dir='ltr'><em>Λάμψακος,</em></span> <span class='ocrx_word' id='word_1_575' title='bbox 680 4799 820 4889; x_wconf 79' lang='grc' dir='ltr'><em>Σίγειον,</em></span> <span class='ocrx_word' id='word_1_576' title='bbox 852 4800 894 4868; x_wconf 86' lang='grc' dir='ltr'><em>τὰ</em></span> <span class='ocrx_word' id='word_1_577' title='bbox 916 4789 1064 4869; x_wconf 67' lang='lat' dir='ltr'>aloisii</span> <span class='ocrx_word' id='word_1_578' title='bbox 1093 4803 1245 4868; x_wconf 88' lang='grc' dir='ltr'><em>συλῶσιν.</em></span> <span class='ocrx_word' id='word_1_579' title='bbox 1285 4799 1337 4867; x_wconf 85' lang='grc' dir='ltr'>ἐπ’</span> <span class='ocrx_word' id='word_1_580' title='bbox 1367 4794 1424 4868; x_wconf 82' lang='grc' dir='ltr'><em>οὖν</em></span> <span class='ocrx_word' id='word_1_581' title='bbox 1449 4799 1488 4867; x_wconf 83' lang='grc' dir='ltr'><em>τὸ</em></span> <span class='ocrx_word' id='word_1_582' title='bbox 1525 4737 1717 4868; x_wconf 70' lang='grc' dir='ltr'><em>λυσιτελοῦν</em></span> <span class='ocrx_word' id='word_1_583' title='bbox 1744 4796 1857 4879; x_wconf 80' lang='grc' dir='ltr'><em>αὑτοῖς</em></span> <span class='ocrx_word' id='word_1_584' title='bbox 1888 4797 2022 4868; x_wconf 70' lang='grc' dir='ltr'><em>ἕκαστοι</em></span> 
     </span>
     <span class='ocr_line' id='line_1_50' title="bbox 287 4887 2024 4983; baseline -0.004 -24"><span class='ocrx_word' id='word_1_585' title='bbox 287 4895 458 4983; x_wconf 80' lang='grc' dir='ltr'><em>χωροῦσιν.</em></span> <span class='ocrx_word' id='word_1_586' title='bbox 501 4893 607 4958; x_wconf 88' lang='lat' dir='ltr'>Pauci</span> <span class='ocrx_word' id='word_1_587' title='bbox 630 4892 785 4958; x_wconf 88' lang='lat' dir='ltr'>homines</span> <span class='ocrx_word' id='word_1_588' title='bbox 809 4889 900 4956; x_wconf 91' lang='lat' dir='ltr'>docti</span> <span class='ocrx_word' id='word_1_589' title='bbox 927 4891 1048 4973; x_wconf 83' lang='lat' dir='ltr'>locum,</span> <span class='ocrx_word' id='word_1_590' title='bbox 1073 4911 1175 4975; x_wconf 88' lang='lat' dir='ltr'>quem</span> <span class='ocrx_word' id='word_1_591' title='bbox 1196 4887 1369 4975; x_wconf 80' lang='lat' dir='ltr'>descripsi,</span> <span class='ocrx_word' id='word_1_592' title='bbox 1386 4889 1553 4954; x_wconf 88' lang='lat' dir='ltr'>intactum</span> <span class='ocrx_word' id='word_1_593' title='bbox 1574 4889 1803 4974; x_wconf 89' lang='lat' dir='ltr'>reliquerunt;</span> <span class='ocrx_word' id='word_1_594' title='bbox 1827 4909 2024 4975; x_wconf 90' lang='lat' dir='ltr'>quaecunqe</span> 
     </span>
     <span class='ocr_line' id='line_1_51' title="bbox 287 4976 2021 5066; baseline -0.006 -17"><span class='ocrx_word' id='word_1_595' title='bbox 287 4983 485 5049; x_wconf 82' lang='lat' dir='ltr'>attuleumt.</span> <span class='ocrx_word' id='word_1_596' title='bbox 510 4982 670 5066; x_wconf 87' lang='lat' dir='ltr'>quoniam</span> <span class='ocrx_word' id='word_1_597' title='bbox 694 4980 812 5047; x_wconf 90' lang='lat' dir='ltr'>multis</span> <span class='ocrx_word' id='word_1_598' title='bbox 836 4978 919 5045; x_wconf 88' lang='lat' dir='ltr'>locis</span> <span class='ocrx_word' id='word_1_599' title='bbox 942 4979 1168 5045; x_wconf 87' lang='lat' dir='ltr'>inueniuntur</span> <span class='ocrx_word' id='word_1_600' title='bbox 1191 4985 1409 5066; x_wconf 74' lang='lat' dir='ltr'>comportata</span> <span class='ocrx_word' id='word_1_601' title='bbox 1432 5000 1500 5045; x_wconf 88' lang='lat' dir='ltr'>non</span> <span class='ocrx_word' id='word_1_602' title='bbox 1525 4987 1676 5064; x_wconf 87' lang='lat' dir='ltr'>repetam</span> <span class='ocrx_word' id='word_1_603' title='bbox 1701 4979 1823 5045; x_wconf 87' lang='lat' dir='ltr'>omnia.</span> <span class='ocrx_word' id='word_1_604' title='bbox 1868 4976 2021 5044; x_wconf 75' lang='lat' dir='ltr'>Blassius</span> 
     </span>
    </p>
   </div>
   <div class='ocr_carea' id='block_1_7' title="bbox 0 0 2304 5634">
    <p class='ocr_par' dir='ltr' id='par_1_12' title="bbox 0 0 2304 5634">
     <span class='ocr_line' id='line_1_52' title="bbox 0 0 2304 5634; baseline 0 6"><span class='ocrx_word' id='word_1_605' title='bbox 0 0 2304 5634; x_wconf 95' lang='lat' dir='ltr'> </span> 
     </span>
    </p>
   </div>
  </div>
 </body>
</html>
