<?xml version="1.0" encoding="UTF-8"?>
<!DOCTYPE html PUBLIC "-//W3C//DTD XHTML 1.0 Transitional//EN"
    "http://www.w3.org/TR/xhtml1/DTD/xhtml1-transitional.dtd">
<html xmlns="http://www.w3.org/1999/xhtml" xml:lang="en" lang="en">
 <head>
  <title>
</title>
<meta http-equiv="Content-Type" content="text/html;charset=utf-8" />
  <meta name='ocr-system' content='tesseract 3.04.00' />
  <meta name='ocr-capabilities' content='ocr_page ocr_carea ocr_par ocr_line ocrx_word'/>
</head>
<body>
  <div class='ocr_page' id='page_1' title='image "./curaedemostheni00rosegoog_0012.png"; bbox 0 0 4600 5634; ppageno 0'>
   <div class='ocr_carea' id='block_1_1' title="bbox 1175 465 1199 532">
    <p class='ocr_par' dir='ltr' id='par_1_1' title="bbox 1175 465 1199 532">
     <span class='ocr_line' id='line_1_1' title="bbox 1175 465 1199 532; baseline 0 0"><span class='ocrx_word' id='word_1_1' title='bbox 1175 465 1199 532; x_wconf 90' lang='lat'>8</span> 
     </span>
    </p>
   </div>
   <div class='ocr_carea' id='block_1_2' title="bbox 319 657 2055 2733">
    <p class='ocr_par' dir='ltr' id='par_1_2' title="bbox 319 657 2054 1193">
     <span class='ocr_line' id='line_1_2' title="bbox 426 657 2049 753; baseline 0.001 -25"><span class='ocrx_word' id='word_1_2' title='bbox 426 665 468 743; x_wconf 90' lang='lat' dir='ltr'><strong>V,</strong></span> <span class='ocrx_word' id='word_1_3' title='bbox 491 665 550 728; x_wconf 81' lang='lat'><strong>21:</strong></span> <span class='ocrx_word' id='word_1_4' title='bbox 571 664 642 731; x_wconf 86' lang='grc' dir='ltr'><strong><em>νυνί</em></strong></span> <span class='ocrx_word' id='word_1_5' title='bbox 662 661 725 753; x_wconf 80' lang='grc' dir='ltr'><strong>γὰρ</strong></span> <span class='ocrx_word' id='word_1_6' title='bbox 744 663 909 752; x_wconf 73' lang='grc' dir='ltr'><strong><em>Θηβαίοις</em></strong></span> <span class='ocrx_word' id='word_1_7' title='bbox 930 661 1017 750; x_wconf 88' lang='grc' dir='ltr'><strong><em>πρὸς</em></strong></span> <span class='ocrx_word' id='word_1_8' title='bbox 1035 664 1096 747; x_wconf 81' lang='grc' dir='ltr'><strong><em>μὲν</em></strong></span> <span class='ocrx_word' id='word_1_9' title='bbox 1117 661 1156 728; x_wconf 85' lang='grc' dir='ltr'><strong>τό</strong></span> <span class='ocrx_word' id='word_1_10' title='bbox 1176 659 1236 751; x_wconf 75' lang='grc' dir='ltr'><strong>την</strong></span> <span class='ocrx_word' id='word_1_11' title='bbox 1256 657 1368 745; x_wconf 83' lang='grc' dir='ltr'><strong><em>χώραν</em></strong></span> <span class='ocrx_word' id='word_1_12' title='bbox 1388 660 1600 744; x_wconf 76' lang='grc' dir='ltr'><strong><em>κεκομίσθαι,</em></strong></span> <span class='ocrx_word' id='word_1_13' title='bbox 1624 660 1816 748; x_wconf 85' lang='grc' dir='ltr'><strong><em>πέπρακται</em></strong></span> <span class='ocrx_word' id='word_1_14' title='bbox 1835 688 1878 739; x_wconf 88' lang='grc' dir='ltr'><strong>τι,</strong></span> <span class='ocrx_word' id='word_1_15' title='bbox 1902 663 1989 752; x_wconf 87' lang='grc' dir='ltr'><strong><em>πρός</em></strong></span> <span class='ocrx_word' id='word_1_16' title='bbox 2011 664 2049 731; x_wconf 83' lang='grc' dir='ltr'><strong><em>δέ</em></strong></span> 
     </span>
     <span class='ocr_line' id='line_1_3' title="bbox 319 741 2049 924; baseline 0.001 -22"><span class='ocrx_word' id='word_1_17' title='bbox 319 741 1564 923; x_wconf 49' lang='lat' dir='ltr'><strong>disturbs-:utss022:utriustriPlures:</strong></span> <span class='ocrx_word' id='word_1_18' title='bbox 1579 741 2049 924; x_wconf 55' lang='lat' dir='ltr'><strong>liutdrudis:</strong></span> 
     </span>
     <span class='ocr_line' id='line_1_4' title="bbox 319 889 2052 1015; baseline -0.001 -23"><span class='ocrx_word' id='word_1_19' title='bbox 319 926 385 993; x_wconf 80' lang='lat' dir='ltr'><strong>fait</strong></span> <span class='ocrx_word' id='word_1_20' title='bbox 413 889 462 992; x_wconf 76' lang='lat' dir='ltr'><strong>uli</strong></span> <span class='ocrx_word' id='word_1_21' title='bbox 492 934 711 994; x_wconf 88' lang='lat' dir='ltr'><strong>contre-sens.</strong></span> <span class='ocrx_word' id='word_1_22' title='bbox 756 926 798 992; x_wconf 91' lang='lat' dir='ltr'><strong>D.</strong></span> <span class='ocrx_word' id='word_1_23' title='bbox 821 949 865 992; x_wconf 92' lang='lat' dir='ltr'><strong>ne</strong></span> <span class='ocrx_word' id='word_1_24' title='bbox 887 929 983 1013; x_wconf 88' lang='lat' dir='ltr'><strong>parle</strong></span> <span class='ocrx_word' id='word_1_25' title='bbox 1004 949 1067 1015; x_wconf 89' lang='lat' dir='ltr'><strong>pas</strong></span> <span class='ocrx_word' id='word_1_26' title='bbox 1090 926 1132 991; x_wconf 90' lang='lat' dir='ltr'><strong>de</strong></span> <span class='ocrx_word' id='word_1_27' title='bbox 1163 925 1327 1012; x_wconf 88' lang='lat' dir='ltr'><strong>l&#39;opinion</strong></span> <span class='ocrx_word' id='word_1_28' title='bbox 1350 921 1452 1007; x_wconf 88' lang='lat' dir='ltr'><strong>qu&#39;on</strong></span> <span class='ocrx_word' id='word_1_29' title='bbox 1481 925 1577 990; x_wconf 87' lang='lat' dir='ltr'><strong>avait</strong></span> <span class='ocrx_word' id='word_1_30' title='bbox 1607 933 1821 1012; x_wconf 82' lang='lat' dir='ltr'><strong>auparavant</strong></span> <span class='ocrx_word' id='word_1_31' title='bbox 1842 925 1880 990; x_wconf 92' lang='lat' dir='ltr'><strong>ni</strong></span> <span class='ocrx_word' id='word_1_32' title='bbox 1904 926 1946 991; x_wconf 89' lang='lat' dir='ltr'><strong>de</strong></span> <span class='ocrx_word' id='word_1_33' title='bbox 1968 926 2052 991; x_wconf 92' lang='lat' dir='ltr'><strong>celle</strong></span> 
     </span>
     <span class='ocr_line' id='line_1_5' title="bbox 321 1011 2053 1104; baseline -0.001 -23"><span class='ocrx_word' id='word_1_34' title='bbox 321 1017 421 1101; x_wconf 86' lang='lat' dir='ltr'><strong>qu’on</strong></span> <span class='ocrx_word' id='word_1_35' title='bbox 448 1015 602 1104; x_wconf 88' lang='lat' dir='ltr'><strong>pourrait</strong></span> <span class='ocrx_word' id='word_1_36' title='bbox 624 1016 728 1100; x_wconf 87' lang='lat' dir='ltr'><strong>avoir,</strong></span> <span class='ocrx_word' id='word_1_37' title='bbox 758 1016 844 1081; x_wconf 83' lang='lat' dir='ltr'><strong>mais</strong></span> <span class='ocrx_word' id='word_1_38' title='bbox 872 1015 914 1082; x_wconf 91' lang='lat' dir='ltr'><strong>de</strong></span> <span class='ocrx_word' id='word_1_39' title='bbox 944 1016 1109 1103; x_wconf 82' lang='lat' dir='ltr'><strong>l’opinion</strong></span> <span class='ocrx_word' id='word_1_40' title='bbox 1132 1015 1193 1100; x_wconf 92' lang='lat' dir='ltr'><strong>qui</strong></span> <span class='ocrx_word' id='word_1_41' title='bbox 1216 1015 1352 1100; x_wconf 70' lang='lat' dir='ltr'><strong>rogasit</strong></span> <span class='ocrx_word' id='word_1_42' title='bbox 1374 1011 1464 1077; x_wconf 73' lang='lat' dir='ltr'><strong>alors</strong></span> <span class='ocrx_word' id='word_1_43' title='bbox 1487 1015 1605 1079; x_wconf 71' lang='lat' dir='ltr'><strong>mbme.</strong></span> <span class='ocrx_word' id='word_1_44' title='bbox 1642 1012 1745 1082; x_wconf 89' lang='grc' dir='ltr'><strong><em>πλέον</em></strong></span> <span class='ocrx_word' id='word_1_45' title='bbox 1770 1022 1823 1079; x_wconf 89' lang='lat' dir='ltr'><strong>est</strong></span> <span class='ocrx_word' id='word_1_46' title='bbox 1844 1037 1892 1079; x_wconf 89' lang='lat' dir='ltr'><strong>un</strong></span> <span class='ocrx_word' id='word_1_47' title='bbox 1915 1015 2053 1102; x_wconf 78' lang='lat' dir='ltr'><strong>supple·</strong></span> 
     </span>
     <span class='ocr_line' id='line_1_6' title="bbox 321 1099 2054 1193; baseline 0 -23"><span class='ocrx_word' id='word_1_48' title='bbox 321 1113 417 1171; x_wconf 91' lang='lat' dir='ltr'><strong>ment</strong></span> <span class='ocrx_word' id='word_1_49' title='bbox 438 1104 584 1193; x_wconf 75' lang='lat' dir='ltr'><strong>proposi</strong></span> <span class='ocrx_word' id='word_1_50' title='bbox 607 1126 670 1191; x_wconf 88' lang='lat' dir='ltr'><strong>par</strong></span> <span class='ocrx_word' id='word_1_51' title='bbox 690 1104 825 1171; x_wconf 86' lang='lat' dir='ltr'><strong>Reiske.</strong></span> <span class='ocrx_word' id='word_1_52' title='bbox 859 1106 911 1170; x_wconf 86' lang='lat' dir='ltr'><strong>La</strong></span> <span class='ocrx_word' id='word_1_53' title='bbox 933 1105 1037 1171; x_wconf 76' lang='lat' dir='ltr'><strong>clerte</strong></span> <span class='ocrx_word' id='word_1_54' title='bbox 1061 1115 1097 1173; x_wconf 90' lang='lat' dir='ltr'><strong>et</strong></span> <span class='ocrx_word' id='word_1_55' title='bbox 1118 1103 1313 1191; x_wconf 89' lang='lat' dir='ltr'><strong>l’euphonie</strong></span> <span class='ocrx_word' id='word_1_56' title='bbox 1341 1099 1509 1166; x_wconf 80' lang='lat' dir='ltr'><strong>semblent</strong></span> <span class='ocrx_word' id='word_1_57' title='bbox 1533 1103 1564 1168; x_wconf 93' lang='lat' dir='ltr'><strong>le</strong></span> <span class='ocrx_word' id='word_1_58' title='bbox 1587 1102 1779 1169; x_wconf 88' lang='lat' dir='ltr'><strong>demander.</strong></span> <span class='ocrx_word' id='word_1_59' title='bbox 1824 1104 1978 1169; x_wconf 85' lang='lat' dir='ltr'><strong>L&#39;hiatus</strong></span> <span class='ocrx_word' id='word_1_60' title='bbox 1999 1105 2054 1170; x_wconf 87' lang='lat' dir='ltr'><strong>n&#39;a</strong></span> 
     </span>
    </p>

    <p class='ocr_par' dir='ltr' id='par_1_3' title="bbox 320 1191 2053 1635">
     <span class='ocr_line' id='line_1_7' title="bbox 345 1191 2053 1281; baseline -0.001 -21"><span class='ocrx_word' id='word_1_61' title='bbox 345 1216 383 1260; x_wconf 84' lang='lat' dir='ltr'><strong>as</strong></span> <span class='ocrx_word' id='word_1_62' title='bbox 399 1194 554 1261; x_wconf 84' lang='lat' dir='ltr'><strong>d’exouse</strong></span> <span class='ocrx_word' id='word_1_63' title='bbox 574 1192 628 1258; x_wconf 88' lang='lat' dir='ltr'><strong>ici.</strong></span> <span class='ocrx_word' id='word_1_64' title='bbox 663 1193 754 1272; x_wconf 81' lang='lat' dir='ltr'><strong>Ques</strong></span> <span class='ocrx_word' id='word_1_65' title='bbox 770 1193 992 1260; x_wconf 86' lang='lat' dir='ltr'><strong>difficultates</strong></span> <span class='ocrx_word' id='word_1_66' title='bbox 1008 1203 1049 1259; x_wconf 91' lang='lat' dir='ltr'><strong>ut</strong></span> <span class='ocrx_word' id='word_1_67' title='bbox 1064 1195 1240 1273; x_wconf 88' lang='lat' dir='ltr'><strong>euitemus,</strong></span> <span class='ocrx_word' id='word_1_68' title='bbox 1255 1191 1370 1258; x_wconf 88' lang='lat' dir='ltr'><strong>nescio</strong></span> <span class='ocrx_word' id='word_1_69' title='bbox 1386 1212 1430 1256; x_wconf 90' lang='lat' dir='ltr'><strong>an</strong></span> <span class='ocrx_word' id='word_1_70' title='bbox 1445 1191 1568 1257; x_wconf 86' lang='lat' dir='ltr'><strong>melius</strong></span> <span class='ocrx_word' id='word_1_71' title='bbox 1583 1214 1623 1257; x_wconf 84' lang='lat' dir='ltr'><strong>ac</strong></span> <span class='ocrx_word' id='word_1_72' title='bbox 1637 1191 1774 1258; x_wconf 74' lang='lat' dir='ltr'>facilius</span> <span class='ocrx_word' id='word_1_73' title='bbox 1789 1192 1976 1259; x_wconf 83' lang='lat' dir='ltr'><strong>scribamus</strong></span> <span class='ocrx_word' id='word_1_74' title='bbox 1990 1215 2053 1281; x_wconf 90' lang='lat' dir='ltr'><strong>pro</strong></span> 
     </span>
     <span class='ocr_line' id='line_1_8' title="bbox 320 1218 2052 1368; baseline -0.001 -18"><span class='ocrx_word' id='word_1_75' title='bbox 320 1218 430 1350; x_wconf 71' lang='grc' dir='ltr'><strong><em>ἐδόκει</em></strong></span> <span class='ocrx_word' id='word_1_76' title='bbox 444 1273 546 1349; x_wconf 76' lang='lat' dir='ltr'><strong>olvat:</strong></span> <span class='ocrx_word' id='word_1_77' title='bbox 569 1283 739 1366; x_wconf 82' lang='grc' dir='ltr'><strong><em>διέμεινεν,</em></strong></span> <span class='ocrx_word' id='word_1_78' title='bbox 786 1305 831 1349; x_wconf 85' lang='lat' dir='ltr'><strong>ua</strong></span> <span class='ocrx_word' id='word_1_79' title='bbox 845 1284 1041 1349; x_wconf 87' lang='lat' dir='ltr'><strong>coniectura</strong></span> <span class='ocrx_word' id='word_1_80' title='bbox 1055 1293 1127 1351; x_wconf 82' lang='lat' dir='ltr'><strong>tota</strong></span> <span class='ocrx_word' id='word_1_81' title='bbox 1146 1306 1200 1349; x_wconf 92' lang='lat' dir='ltr'><strong>res</strong></span> <span class='ocrx_word' id='word_1_82' title='bbox 1220 1284 1347 1348; x_wconf 87' lang='lat' dir='ltr'><strong>certius</strong></span> <span class='ocrx_word' id='word_1_83' title='bbox 1366 1304 1405 1347; x_wconf 89' lang='lat' dir='ltr'><strong>ac</strong></span> <span class='ocrx_word' id='word_1_84' title='bbox 1427 1279 1553 1347; x_wconf 89' lang='lat' dir='ltr'><strong>maiore</strong></span> <span class='ocrx_word' id='word_1_85' title='bbox 1568 1303 1646 1346; x_wconf 90' lang='lat' dir='ltr'><strong>cum</strong></span> <span class='ocrx_word' id='word_1_86' title='bbox 1662 1281 1788 1347; x_wconf 88' lang='lat' dir='ltr'><strong>fiducia</strong></span> <span class='ocrx_word' id='word_1_87' title='bbox 1801 1282 2052 1368; x_wconf 87' lang='lat' dir='ltr'><strong>pronuntiatur.</strong></span> 
     </span>
     <span class='ocr_line' id='line_1_9' title="bbox 321 1305 2053 1458; baseline 0.001 -23"><span class='ocrx_word' id='word_1_88' title='bbox 321 1368 489 1435; x_wconf 74' lang='lat' dir='ltr'><strong>Similiter</strong></span> <span class='ocrx_word' id='word_1_89' title='bbox 503 1370 657 1436; x_wconf 86' lang='lat' dir='ltr'><strong>Blassius</strong></span> <span class='ocrx_word' id='word_1_90' title='bbox 672 1393 735 1458; x_wconf 88' lang='lat' dir='ltr'><strong>pro</strong></span> <span class='ocrx_word' id='word_1_91' title='bbox 750 1305 836 1439; x_wconf 74' lang='grc' dir='ltr'><strong><em>εέναι</em></strong></span> <span class='ocrx_word' id='word_1_92' title='bbox 849 1372 1039 1438; x_wconf 88' lang='lat' dir='ltr'><strong>coniecerat</strong></span> <span class='ocrx_word' id='word_1_93' title='bbox 1052 1378 1173 1457; x_wconf 87' lang='grc' dir='ltr'><strong><em>μεῖναι,</em></strong></span> <span class='ocrx_word' id='word_1_94' title='bbox 1189 1371 1249 1436; x_wconf 93' lang='lat' dir='ltr'><strong>sed</strong></span> <span class='ocrx_word' id='word_1_95' title='bbox 1263 1394 1307 1437; x_wconf 90' lang='lat' dir='ltr'><strong>ne</strong></span> <span class='ocrx_word' id='word_1_96' title='bbox 1321 1368 1430 1442; x_wconf 80' lang='grc' dir='ltr'><strong><em>ἐδόκει</em></strong></span> <span class='ocrx_word' id='word_1_97' title='bbox 1446 1369 1585 1457; x_wconf 88' lang='lat' dir='ltr'><strong>quidem</strong></span> <span class='ocrx_word' id='word_1_98' title='bbox 1600 1369 1786 1436; x_wconf 87' lang='lat' dir='ltr'><strong>offensione</strong></span> <span class='ocrx_word' id='word_1_99' title='bbox 1801 1380 1902 1437; x_wconf 81' lang='lat' dir='ltr'><strong>caret.</strong></span> <span class='ocrx_word' id='word_1_100' title='bbox 1924 1372 2053 1439; x_wconf 84' lang='lat' dir='ltr'><strong>Eodem</strong></span> 
     </span>
     <span class='ocr_line' id='line_1_10' title="bbox 320 1453 2052 1550; baseline 0.003 -28"><span class='ocrx_word' id='word_1_101' title='bbox 320 1457 421 1523; x_wconf 92' lang='lat' dir='ltr'><strong>modo</strong></span> <span class='ocrx_word' id='word_1_102' title='bbox 440 1458 479 1523; x_wconf 92' lang='lat' dir='ltr'><strong>in</strong></span> <span class='ocrx_word' id='word_1_103' title='bbox 493 1480 540 1524; x_wconf 87' lang='lat' dir='ltr'><strong>or.</strong></span> <span class='ocrx_word' id='word_1_104' title='bbox 554 1460 690 1543; x_wconf 84' lang='lat' dir='ltr'>XVIII,</span> <span class='ocrx_word' id='word_1_105' title='bbox 705 1462 788 1527; x_wconf 77' lang='lat'><strong>252:</strong></span> <span class='ocrx_word' id='word_1_106' title='bbox 811 1456 871 1529; x_wconf 83' lang='grc' dir='ltr'><strong><em>οίικ</em></strong></span> <span class='ocrx_word' id='word_1_107' title='bbox 885 1453 975 1528; x_wconf 83' lang='grc' dir='ltr'><strong><em>οἶδεν</em></strong></span> <span class='ocrx_word' id='word_1_108' title='bbox 988 1458 1020 1530; x_wconf 85' lang='grc' dir='ltr'><strong>εί</strong></span> <span class='ocrx_word' id='word_1_109' title='bbox 1035 1457 1199 1549; x_wconf 81' lang='grc' dir='ltr'><strong><em>(τοιαίτη)</em></strong></span> <span class='ocrx_word' id='word_1_110' title='bbox 1214 1467 1331 1545; x_wconf 83' lang='grc' dir='ltr'><strong><em>μενεῖ</em></strong></span> <span class='ocrx_word' id='word_1_111' title='bbox 1342 1461 1438 1550; x_wconf 70' lang='grc' dir='ltr'><strong><em>μέχρι</em></strong></span> <span class='ocrx_word' id='word_1_112' title='bbox 1453 1460 1512 1547; x_wconf 81' lang='grc' dir='ltr'><strong>τῆς</strong></span> <span class='ocrx_word' id='word_1_113' title='bbox 1524 1458 1678 1548; x_wconf 86' lang='grc' dir='ltr'><strong><em>ἐσπέρας,</em></strong></span> <span class='ocrx_word' id='word_1_114' title='bbox 1700 1480 1854 1547; x_wconf 89' lang='lat' dir='ltr'>propono</span> <span class='ocrx_word' id='word_1_115' title='bbox 1876 1483 1953 1525; x_wconf 88' lang='lat' dir='ltr'><strong>cum</strong></span> <span class='ocrx_word' id='word_1_116' title='bbox 1976 1462 2052 1527; x_wconf 87' lang='lat' dir='ltr'><strong>Sto·</strong></span> 
     </span>
     <span class='ocr_line' id='line_1_11' title="bbox 321 1547 886 1635; baseline 0.004 -22"><span class='ocrx_word' id='word_1_117' title='bbox 321 1547 406 1613; x_wconf 84' lang='lat' dir='ltr'><strong>baeo</strong></span> <span class='ocrx_word' id='word_1_118' title='bbox 429 1569 502 1623; x_wconf 89' lang='lat' dir='ltr'><strong>esse</strong></span> <span class='ocrx_word' id='word_1_119' title='bbox 523 1548 708 1635; x_wconf 88' lang='lat' dir='ltr'><strong>legendum</strong></span> <span class='ocrx_word' id='word_1_120' title='bbox 729 1551 886 1634; x_wconf 79' lang='grc' dir='ltr'><strong><em>διαμενεῖ.</em></strong></span> 
     </span>
    </p>

    <p class='ocr_par' dir='ltr' id='par_1_4' title="bbox 320 1648 2052 2189">
     <span class='ocr_line' id='line_1_12' title="bbox 428 1648 2052 1747; baseline -0.001 -25"><span class='ocrx_word' id='word_1_121' title='bbox 428 1656 469 1739; x_wconf 95' lang='lat' dir='ltr'><strong>V,</strong></span> <span class='ocrx_word' id='word_1_122' title='bbox 494 1656 552 1720; x_wconf 78' lang='lat'><strong>17:</strong></span> <span class='ocrx_word' id='word_1_123' title='bbox 574 1650 635 1724; x_wconf 80' lang='grc' dir='ltr'><strong>οὐκ</strong></span> <span class='ocrx_word' id='word_1_124' title='bbox 656 1648 733 1745; x_wconf 78' lang='grc' dir='ltr'><strong><em>όχρι</em></strong></span> <span class='ocrx_word' id='word_1_125' title='bbox 753 1660 814 1747; x_wconf 84' lang='grc' dir='ltr'><strong>τῆς</strong></span> <span class='ocrx_word' id='word_1_126' title='bbox 834 1651 909 1744; x_wconf 84' lang='grc' dir='ltr'><strong><em>’ίσης</em></strong></span> <span class='ocrx_word' id='word_1_127' title='bbox 930 1654 1069 1734; x_wconf 71' lang='grc' dir='ltr'><strong><em>ἕκαστός</em></strong></span> <span class='ocrx_word' id='word_1_128' title='bbox 1089 1653 1178 1724; x_wconf 88' lang='grc' dir='ltr'><strong><em>ἐστιν</em></strong></span> <span class='ocrx_word' id='word_1_129' title='bbox 1209 1653 1324 1737; x_wconf 82' lang='grc' dir='ltr'><strong><em>είίνους</em></strong></span> <span class='ocrx_word' id='word_1_130' title='bbox 1345 1653 1421 1725; x_wconf 78' lang='grc' dir='ltr'><strong><em>οὐθ’</em></strong></span> <span class='ocrx_word' id='word_1_131' title='bbox 1451 1650 1529 1746; x_wconf 74' lang='grc' dir='ltr'><strong><em>ἡμῖν</em></strong></span> <span class='ocrx_word' id='word_1_132' title='bbox 1552 1649 1630 1724; x_wconf 75' lang='lat' dir='ltr'><strong>oiim</strong></span> <span class='ocrx_word' id='word_1_133' title='bbox 1655 1657 1828 1744; x_wconf 76' lang='grc' dir='ltr'><strong><em>Θηβαίοις,</em></strong></span> <span class='ocrx_word' id='word_1_134' title='bbox 1850 1660 1917 1734; x_wconf 85' lang='grc' dir='ltr'><strong><em>σοῖς</em></strong></span> <span class='ocrx_word' id='word_1_135' title='bbox 1938 1648 2052 1724; x_wconf 83' lang='grc' dir='ltr'><strong><em>τέίναι</em></strong></span> 
     </span>
     <span class='ocr_line' id='line_1_13' title="bbox 321 1732 2052 1832; baseline 0.001 -26"><span class='ocrx_word' id='word_1_136' title='bbox 321 1743 378 1809; x_wconf 87' lang='grc' dir='ltr'><strong>καί</strong></span> <span class='ocrx_word' id='word_1_137' title='bbox 399 1744 530 1832; x_wconf 81' lang='grc' dir='ltr'><strong><em>κρατεῖν</em></strong></span> <span class='ocrx_word' id='word_1_138' title='bbox 549 1747 616 1809; x_wconf 82' lang='grc' dir='ltr'><strong>τῶν</strong></span> <span class='ocrx_word' id='word_1_139' title='bbox 637 1733 755 1818; x_wconf 82' lang='grc' dir='ltr'><strong><em>όίλλων,</em></strong></span> <span class='ocrx_word' id='word_1_140' title='bbox 784 1736 871 1810; x_wconf 76' lang='grc' dir='ltr'><strong><em>ἀλλὰ</em></strong></span> <span class='ocrx_word' id='word_1_141' title='bbox 899 1745 967 1821; x_wconf 85' lang='grc' dir='ltr'><strong><em>σιῖς</em></strong></span> <span class='ocrx_word' id='word_1_142' title='bbox 987 1741 1048 1825; x_wconf 77' lang='grc' dir='ltr'><strong><em>μέν</em></strong></span> <span class='ocrx_word' id='word_1_143' title='bbox 1070 1732 1157 1809; x_wconf 73' lang='grc' dir='ltr'><strong><em>εἶναι</em></strong></span> <span class='ocrx_word' id='word_1_144' title='bbox 1178 1742 1300 1823; x_wconf 77' lang='grc' dir='ltr'><strong><em>πάντες</em></strong></span> <span class='ocrx_word' id='word_1_145' title='bbox 1322 1738 1362 1811; x_wconf 67' lang='lat' dir='ltr'><strong>dv</strong></span> <span class='ocrx_word' id='word_1_146' title='bbox 1383 1738 1556 1827; x_wconf 80' lang='grc' dir='ltr'><strong><em>βούλοινθ’</em></strong></span> <span class='ocrx_word' id='word_1_147' title='bbox 1585 1737 1664 1823; x_wconf 72' lang='grc' dir='ltr'><strong><em>ἕνεχ’</em></strong></span> <span class='ocrx_word' id='word_1_148' title='bbox 1687 1738 1804 1817; x_wconf 64' lang='lat' dir='ltr'><strong>ebur,</strong></span> <span class='ocrx_word' id='word_1_149' title='bbox 1827 1736 2052 1830; x_wconf 78' lang='grc' dir='ltr'><strong><em>κρατήσαντας</em></strong></span> 
     </span>
     <span class='ocr_line' id='line_1_14' title="bbox 322 1822 2049 1919; baseline -0.003 -18"><span class='ocrx_word' id='word_1_150' title='bbox 322 1833 360 1901; x_wconf 81' lang='grc' dir='ltr'><strong>δέ</strong></span> <span class='ocrx_word' id='word_1_151' title='bbox 377 1830 466 1908; x_wconf 79' lang='grc' dir='ltr'><strong><em>’τοὺς</em></strong></span> <span class='ocrx_word' id='word_1_152' title='bbox 494 1826 628 1919; x_wconf 81' lang='grc' dir='ltr'><strong><em>ἐτέρους</em></strong></span> <span class='ocrx_word' id='word_1_153' title='bbox 660 1827 828 1909; x_wconf 81' lang='grc' dir='ltr'><strong><em>δεσπότας</em></strong></span> <span class='ocrx_word' id='word_1_154' title='bbox 855 1824 985 1896; x_wconf 78' lang='grc' dir='ltr'><strong><em>αὑτοῖν</em></strong></span> <span class='ocrx_word' id='word_1_155' title='bbox 1019 1823 1096 1897; x_wconf 84' lang='grc' dir='ltr'><strong>σόδέ</strong></span> <span class='ocrx_word' id='word_1_156' title='bbox 1126 1822 1183 1913; x_wconf 84' lang='grc' dir='ltr'><strong><em>εἷς.</em></strong></span> <span class='ocrx_word' id='word_1_157' title='bbox 1228 1831 1327 1915; x_wconf 82' lang='lat' dir='ltr'><strong>Quod</strong></span> <span class='ocrx_word' id='word_1_158' title='bbox 1357 1826 1464 1898; x_wconf 80' lang='grc' dir='ltr'><strong><em>αὑτοῖν</em></strong></span> <span class='ocrx_word' id='word_1_159' title='bbox 1493 1837 1572 1916; x_wconf 89' lang='lat' dir='ltr'><strong>post</strong></span> <span class='ocrx_word' id='word_1_160' title='bbox 1593 1827 1762 1910; x_wconf 80' lang='grc' dir='ltr'><strong><em>δεσπότας</em></strong></span> <span class='ocrx_word' id='word_1_161' title='bbox 1782 1829 1968 1916; x_wconf 88' lang='lat' dir='ltr'><strong>repetitum</strong></span> <span class='ocrx_word' id='word_1_162' title='bbox 1990 1841 2049 1911; x_wconf 83' lang='lat' dir='ltr'><strong>est,</strong></span> 
     </span>
     <span class='ocr_line' id='line_1_15' title="bbox 320 1914 2052 2005; baseline -0.003 -15"><span class='ocrx_word' id='word_1_163' title='bbox 320 1923 461 1990; x_wconf 90' lang='lat' dir='ltr'><strong>moleste</strong></span> <span class='ocrx_word' id='word_1_164' title='bbox 483 1918 563 1985; x_wconf 89' lang='lat' dir='ltr'><strong>fero.</strong></span> <span class='ocrx_word' id='word_1_165' title='bbox 607 1919 698 1985; x_wconf 87' lang='lat' dir='ltr'><strong>Nam</strong></span> <span class='ocrx_word' id='word_1_166' title='bbox 720 1919 881 2004; x_wconf 88' lang='lat' dir='ltr'><strong>quoniam</strong></span> <span class='ocrx_word' id='word_1_167' title='bbox 911 1914 1079 1998; x_wconf 78' lang='grc' dir='ltr'><strong><em>δεσπότας</em></strong></span> <span class='ocrx_word' id='word_1_168' title='bbox 1106 1920 1180 1985; x_wconf 90' lang='lat' dir='ltr'><strong>sine</strong></span> <span class='ocrx_word' id='word_1_169' title='bbox 1209 1920 1443 1987; x_wconf 84' lang='lat' dir='ltr'><strong>additamento</strong></span> <span class='ocrx_word' id='word_1_170' title='bbox 1473 1918 1625 2005; x_wconf 89' lang='lat' dir='ltr'><strong>positum</strong></span> <span class='ocrx_word' id='word_1_171' title='bbox 1655 1917 1785 1984; x_wconf 87' lang='lat' dir='ltr'><strong>sufficit</strong></span> <span class='ocrx_word' id='word_1_172' title='bbox 1814 1925 1849 1984; x_wconf 90' lang='lat' dir='ltr'><strong>et</strong></span> <span class='ocrx_word' id='word_1_173' title='bbox 1879 1940 1981 2004; x_wconf 91' lang='lat' dir='ltr'><strong>quam</strong></span> <span class='ocrx_word' id='word_1_174' title='bbox 2009 1920 2052 1987; x_wconf 94' lang='lat' dir='ltr'><strong>ob</strong></span> 
     </span>
     <span class='ocr_line' id='line_1_16' title="bbox 320 2002 2052 2097; baseline -0.002 -19"><span class='ocrx_word' id='word_1_175' title='bbox 320 2034 391 2078; x_wconf 92' lang='lat' dir='ltr'><strong>rem</strong></span> <span class='ocrx_word' id='word_1_176' title='bbox 414 2031 513 2075; x_wconf 91' lang='lat' dir='ltr'><strong>nemo</strong></span> <span class='ocrx_word' id='word_1_177' title='bbox 535 2009 632 2074; x_wconf 88' lang='lat' dir='ltr'><strong>illam</strong></span> <span class='ocrx_word' id='word_1_178' title='bbox 659 2029 730 2073; x_wconf 91' lang='lat' dir='ltr'><strong>rem</strong></span> <span class='ocrx_word' id='word_1_179' title='bbox 753 2007 889 2074; x_wconf 89' lang='lat' dir='ltr'><strong>institui</strong></span> <span class='ocrx_word' id='word_1_180' title='bbox 913 2006 999 2072; x_wconf 90' lang='lat' dir='ltr'><strong>uelit</strong></span> <span class='ocrx_word' id='word_1_181' title='bbox 1021 2009 1104 2073; x_wconf 85' lang='lat' dir='ltr'><strong>satis</strong></span> <span class='ocrx_word' id='word_1_182' title='bbox 1127 2009 1266 2093; x_wconf 88' lang='lat' dir='ltr'><strong>indicat,</strong></span> <span class='ocrx_word' id='word_1_183' title='bbox 1290 2010 1412 2096; x_wconf 89' lang='lat' dir='ltr'>opinor</span> <span class='ocrx_word' id='word_1_184' title='bbox 1434 2016 1575 2095; x_wconf 90' lang='lat' dir='ltr'><strong>propter</strong></span> <span class='ocrx_word' id='word_1_185' title='bbox 1595 2007 1674 2087; x_wconf 86' lang='grc' dir='ltr'><strong><em>τοὺς</em></strong></span> <span class='ocrx_word' id='word_1_186' title='bbox 1698 2002 1832 2097; x_wconf 79' lang='grc' dir='ltr'><strong><em>ἐτέρους</em></strong></span> <span class='ocrx_word' id='word_1_187' title='bbox 1854 2030 1926 2073; x_wconf 89' lang='lat' dir='ltr'><strong>esse</strong></span> <span class='ocrx_word' id='word_1_188' title='bbox 1948 2007 2052 2074; x_wconf 88' lang='lat' dir='ltr'><strong>inter-</strong></span> 
     </span>
     <span class='ocr_line' id='line_1_17' title="bbox 320 2093 612 2189; baseline -0.007 -22"><span class='ocrx_word' id='word_1_189' title='bbox 320 2102 475 2189; x_wconf 84' lang='lat' dir='ltr'><strong>polatum</strong></span> <span class='ocrx_word' id='word_1_190' title='bbox 497 2093 612 2165; x_wconf 77' lang='grc' dir='ltr'><strong><em>αὑτῶν,</em></strong></span> 
     </span>
    </p>

    <p class='ocr_par' dir='ltr' id='par_1_5' title="bbox 319 2198 2055 2733">
     <span class='ocr_line' id='line_1_18' title="bbox 425 2198 2049 2313; baseline 0 -41"><span class='ocrx_word' id='word_1_191' title='bbox 425 2205 524 2288; x_wconf 85' lang='lat' dir='ltr'>VIII,</span> <span class='ocrx_word' id='word_1_192' title='bbox 547 2205 585 2270; x_wconf 90' lang='lat'><strong>8:</strong></span> <span class='ocrx_word' id='word_1_193' title='bbox 608 2198 638 2268; x_wconf 82' lang='grc' dir='ltr'><strong>τί</strong></span> <span class='ocrx_word' id='word_1_194' title='bbox 651 2202 717 2272; x_wconf 85' lang='grc' dir='ltr'><strong><em>δ’ἐκ</em></strong></span> <span class='ocrx_word' id='word_1_195' title='bbox 730 2201 855 2271; x_wconf 81' lang='grc' dir='ltr'><strong><em>τούτων</em></strong></span> <span class='ocrx_word' id='word_1_196' title='bbox 876 2200 918 2270; x_wconf 84' lang='grc' dir='ltr'><strong>τὰ</strong></span> <span class='ocrx_word' id='word_1_197' title='bbox 932 2198 1047 2270; x_wconf 90' lang='grc' dir='ltr'><strong><em>δίκαια</em></strong></span> <span class='ocrx_word' id='word_1_198' title='bbox 1060 2200 1212 2270; x_wconf 85' lang='grc' dir='ltr'><strong><em>τίθενται</em></strong></span> <span class='ocrx_word' id='word_1_199' title='bbox 1233 2203 1289 2271; x_wconf 83' lang='grc' dir='ltr'><strong>καί</strong></span> <span class='ocrx_word' id='word_1_200' title='bbox 1309 2203 1367 2294; x_wconf 76' lang='grc' dir='ltr'><strong>τὴν</strong></span> <span class='ocrx_word' id='word_1_201' title='bbox 1389 2199 1520 2296; x_wconf 75' lang='grc' dir='ltr'><strong><em>εἰρήνην</em></strong></span> <span class='ocrx_word' id='word_1_202' title='bbox 1543 2200 1707 2313; x_wconf 80' lang='grc' dir='ltr'><strong><em>ταύτην,</em></strong></span> <span class='ocrx_word' id='word_1_203' title='bbox 1730 2198 1782 2271; x_wconf 86' lang='grc' dir='ltr'><strong>ότι</strong></span> <span class='ocrx_word' id='word_1_204' title='bbox 1800 2205 1861 2288; x_wconf 79' lang='grc' dir='ltr'><strong><em>μὲν</em></strong></span> <span class='ocrx_word' id='word_1_205' title='bbox 1875 2206 2049 2296; x_wconf 81' lang='grc' dir='ltr'><strong><em>δήπουθεν</em></strong></span> 
     </span>
     <span class='ocr_line' id='line_1_19' title="bbox 320 2288 2053 2382; baseline -0.002 -18"><span class='ocrx_word' id='word_1_206' title='bbox 320 2299 388 2364; x_wconf 84' lang='grc' dir='ltr'><strong>κτλ</strong></span> <span class='ocrx_word' id='word_1_207' title='bbox 415 2295 563 2365; x_wconf 89' lang='lat' dir='ltr'><strong>Weilius</strong></span> <span class='ocrx_word' id='word_1_208' title='bbox 576 2291 734 2358; x_wconf 76' lang='lat' dir='ltr'><strong>exhibet:</strong></span> <span class='ocrx_word' id='word_1_209' title='bbox 758 2292 852 2358; x_wconf 74' lang='lat' dir='ltr'><strong>Van:</strong></span> <span class='ocrx_word' id='word_1_210' title='bbox 874 2288 988 2379; x_wconf 71' lang='lat' dir='ltr'><strong>vairp.</strong></span> <span class='ocrx_word' id='word_1_211' title='bbox 1012 2292 1253 2359; x_wconf 87' lang='lat' dir='ltr'><strong>Westermann</strong></span> <span class='ocrx_word' id='word_1_212' title='bbox 1268 2315 1429 2380; x_wconf 88' lang='lat' dir='ltr'><strong>propose:</strong></span> <span class='ocrx_word' id='word_1_213' title='bbox 1451 2291 1555 2382; x_wconf 78' lang='grc' dir='ltr'><strong><em>ταότη</em></strong></span> <span class='ocrx_word' id='word_1_214' title='bbox 1571 2290 1784 2381; x_wconf 82' lang='grc' dir='ltr'><strong><em>διοριζονται.</em></strong></span> <span class='ocrx_word' id='word_1_215' title='bbox 1807 2296 1875 2363; x_wconf 81' lang='lat' dir='ltr'><strong>Sed</strong></span> <span class='ocrx_word' id='word_1_216' title='bbox 1891 2295 2053 2382; x_wconf 85' lang='lat' dir='ltr'><strong>quoniam</strong></span> 
     </span>
     <span class='ocr_line' id='line_1_20' title="bbox 323 2376 2055 2490; baseline -0.006 -34"><span class='ocrx_word' id='word_1_217' title='bbox 323 2389 360 2455; x_wconf 82' lang='grc' dir='ltr'><strong><em>ἐκ</em></strong></span> <span class='ocrx_word' id='word_1_218' title='bbox 380 2382 507 2455; x_wconf 86' lang='grc' dir='ltr'><strong><em>τοότων</em></strong></span> <span class='ocrx_word' id='word_1_219' title='bbox 526 2382 734 2468; x_wconf 74' lang='lat' dir='ltr'><strong>singularem</strong></span> <span class='ocrx_word' id='word_1_220' title='bbox 758 2381 939 2469; x_wconf 82' lang='lat' dir='ltr'><strong>occupauit</strong></span> <span class='ocrx_word' id='word_1_221' title='bbox 961 2382 1083 2463; x_wconf 88' lang='lat' dir='ltr'><strong>locum,</strong></span> <span class='ocrx_word' id='word_1_222' title='bbox 1106 2403 1177 2446; x_wconf 91' lang='lat' dir='ltr'><strong>non</strong></span> <span class='ocrx_word' id='word_1_223' title='bbox 1199 2383 1311 2447; x_wconf 87' lang='lat' dir='ltr'><strong>solum</strong></span> <span class='ocrx_word' id='word_1_224' title='bbox 1332 2381 1376 2447; x_wconf 89' lang='lat' dir='ltr'><strong>ad</strong></span> <span class='ocrx_word' id='word_1_225' title='bbox 1397 2381 1550 2449; x_wconf 73' lang='grc' dir='ltr'><strong><em>τίθενται</em></strong></span> <span class='ocrx_word' id='word_1_226' title='bbox 1571 2380 1631 2447; x_wconf 88' lang='lat' dir='ltr'><strong>sed</strong></span> <span class='ocrx_word' id='word_1_227' title='bbox 1653 2380 1757 2446; x_wconf 83' lang='lat' dir='ltr'><strong>etiam</strong></span> <span class='ocrx_word' id='word_1_228' title='bbox 1780 2385 1824 2450; x_wconf 89' lang='lat' dir='ltr'><strong>ad</strong></span> <span class='ocrx_word' id='word_1_229' title='bbox 1844 2409 1863 2448; x_wconf 94' lang='grc' dir='ltr'><strong><em>τ</em></strong></span> <span class='ocrx_word' id='word_1_230' title='bbox 1876 2380 1905 2446; x_wconf 87' lang='grc' dir='ltr'><strong><em>’ν</em></strong></span> <span class='ocrx_word' id='word_1_231' title='bbox 1925 2376 2055 2490; x_wconf 79' lang='grc' dir='ltr'><strong><em>είρήνην</em></strong></span> 
     </span>
     <span class='ocr_line' id='line_1_21' title="bbox 320 2466 2054 2564; baseline -0.004 -22"><span class='ocrx_word' id='word_1_232' title='bbox 320 2477 479 2564; x_wconf 85' lang='lat' dir='ltr'><strong>pertinet,</strong></span> <span class='ocrx_word' id='word_1_233' title='bbox 502 2479 544 2539; x_wconf 87' lang='lat' dir='ltr'><strong>ut</strong></span> <span class='ocrx_word' id='word_1_234' title='bbox 564 2470 692 2537; x_wconf 88' lang='lat' dir='ltr'><strong>rectius</strong></span> <span class='ocrx_word' id='word_1_235' title='bbox 713 2470 802 2536; x_wconf 90' lang='lat' dir='ltr'><strong>illud</strong></span> <span class='ocrx_word' id='word_1_236' title='bbox 821 2466 942 2558; x_wconf 77' lang='grc' dir='ltr'><strong><em>ταύτην</em></strong></span> <span class='ocrx_word' id='word_1_237' title='bbox 964 2478 1004 2534; x_wconf 91' lang='lat' dir='ltr'><strong>ut</strong></span> <span class='ocrx_word' id='word_1_238' title='bbox 1026 2470 1115 2535; x_wconf 86' lang='lat' dir='ltr'><strong>mele</strong></span> <span class='ocrx_word' id='word_1_239' title='bbox 1144 2471 1330 2557; x_wconf 88' lang='lat' dir='ltr'><strong>repetitum</strong></span> <span class='ocrx_word' id='word_1_240' title='bbox 1354 2469 1476 2536; x_wconf 81' lang='lat' dir='ltr'><strong>deleas</strong></span> <span class='ocrx_word' id='word_1_241' title='bbox 1517 2471 1560 2536; x_wconf 93' lang='lat' dir='ltr'><strong>In</strong></span> <span class='ocrx_word' id='word_1_242' title='bbox 1582 2468 1701 2535; x_wconf 89' lang='lat' dir='ltr'><strong>eadem</strong></span> <span class='ocrx_word' id='word_1_243' title='bbox 1723 2468 1759 2556; x_wconf 76' lang='lat' dir='ltr'><strong>§z</strong></span> <span class='ocrx_word' id='word_1_244' title='bbox 1787 2466 1822 2536; x_wconf 88' lang='grc' dir='ltr'><strong>τί</strong></span> <span class='ocrx_word' id='word_1_245' title='bbox 1842 2495 1905 2560; x_wconf 92' lang='grc' dir='ltr'><strong><em>γαρ</em></strong></span> <span class='ocrx_word' id='word_1_246' title='bbox 1927 2470 2054 2559; x_wconf 87' lang='grc' dir='ltr'><strong><em>δηπυτι</em></strong></span> 
     </span>
     <span class='ocr_line' id='line_1_22' title="bbox 319 2546 2053 2650; baseline -0.005 -22"><span class='ocrx_word' id='word_1_247' title='bbox 319 2566 368 2650; x_wconf 74' lang='grc' dir='ltr'><strong>τῷ</strong></span> <span class='ocrx_word' id='word_1_248' title='bbox 387 2562 447 2647; x_wconf 82' lang='grc' dir='ltr'><strong><em>μέν</em></strong></span> <span class='ocrx_word' id='word_1_249' title='bbox 470 2554 635 2643; x_wconf 79' lang='grc' dir='ltr'><strong><em>Φιλίππῳ</em></strong></span> <span class='ocrx_word' id='word_1_250' title='bbox 656 2552 766 2625; x_wconf 81' lang='grc' dir='ltr'><strong><em>πάντα</em></strong></span> <span class='ocrx_word' id='word_1_251' title='bbox 779 2546 887 2623; x_wconf 80' lang='grc' dir='ltr'><strong><em>τόλλσ</em></strong></span> <span class='ocrx_word' id='word_1_252' title='bbox 908 2559 1019 2623; x_wconf 81' lang='grc' dir='ltr'><strong><em>ποιεῖν</em></strong></span> <span class='ocrx_word' id='word_1_253' title='bbox 1039 2550 1193 2634; x_wconf 82' lang='grc' dir='ltr'><strong><em>ἐξουσίαν</em></strong></span> <span class='ocrx_word' id='word_1_254' title='bbox 1216 2553 1376 2641; x_wconf 80' lang='grc' dir='ltr'><strong><em>διέπομεν,</em></strong></span> <span class='ocrx_word' id='word_1_255' title='bbox 1399 2549 1439 2623; x_wconf 72' lang='grc' dir='ltr'><strong>ἐν</strong></span> <span class='ocrx_word' id='word_1_256' title='bbox 1460 2559 1517 2644; x_wconf 80' lang='grc' dir='ltr'><strong>τῆς</strong></span> <span class='ocrx_word' id='word_1_257' title='bbox 1534 2552 1683 2644; x_wconf 79' lang='grc' dir='ltr'><strong><em>Ἀττικῆς</em></strong></span> <span class='ocrx_word' id='word_1_258' title='bbox 1705 2550 1878 2644; x_wconf 76' lang='grc' dir='ltr'><strong><em>ἀπέχηται,</em></strong></span> <span class='ocrx_word' id='word_1_259' title='bbox 1900 2560 1947 2642; x_wconf 80' lang='grc' dir='ltr'><strong>τῷ</strong></span> <span class='ocrx_word' id='word_1_260' title='bbox 1968 2559 2053 2621; x_wconf 86' lang='grc' dir='ltr'><strong><em>Διο-</em></strong></span> 
     </span>
     <span class='ocr_line' id='line_1_23' title="bbox 322 2638 2054 2733; baseline -0.004 -18"><span class='ocrx_word' id='word_1_261' title='bbox 322 2651 440 2719; x_wconf 83' lang='grc' dir='ltr'><strong><em>πείθει</em></strong></span> <span class='ocrx_word' id='word_1_262' title='bbox 461 2642 570 2717; x_wconf 82' lang='grc' dir='ltr'><strong><em>δυόδέ</em></strong></span> <span class='ocrx_word' id='word_1_263' title='bbox 591 2652 633 2730; x_wconf 91' lang='grc' dir='ltr'><strong>βο</strong></span> <span class='ocrx_word' id='word_1_264' title='bbox 656 2649 732 2713; x_wconf 88' lang='grc' dir='ltr'><strong><em>θεῖν</em></strong></span> <span class='ocrx_word' id='word_1_265' title='bbox 750 2647 823 2721; x_wconf 90' lang='grc' dir='ltr'><strong><em>τοῖς</em></strong></span> <span class='ocrx_word' id='word_1_266' title='bbox 847 2641 972 2733; x_wconf 79' lang='grc' dir='ltr'><strong><em>Θρᾳξίν</em></strong></span> <span class='ocrx_word' id='word_1_267' title='bbox 993 2641 1175 2724; x_wconf 87' lang='grc' dir='ltr'><strong><em>ἐξέσται,</em></strong></span> <span class='ocrx_word' id='word_1_268' title='bbox 1200 2638 1221 2733; x_wconf 76' lang='grc' dir='ltr'><em>ἢ</em></span> <span class='ocrx_word' id='word_1_269' title='bbox 1243 2640 1394 2729; x_wconf 85' lang='grc' dir='ltr'><strong><em>πόλεμον</em></strong></span> <span class='ocrx_word' id='word_1_270' title='bbox 1414 2648 1524 2711; x_wconf 82' lang='grc' dir='ltr'><strong><em>ποιεῖν</em></strong></span> <span class='ocrx_word' id='word_1_271' title='bbox 1546 2640 1718 2733; x_wconf 69' lang='grc' dir='ltr'><strong><em>φόσογιενς</em></strong></span> <span class='ocrx_word' id='word_1_272' title='bbox 1740 2644 1945 2731; x_wconf 89' lang='lat' dir='ltr'><strong>persuadere</strong></span> <span class='ocrx_word' id='word_1_273' title='bbox 1968 2641 2054 2708; x_wconf 89' lang='lat' dir='ltr'><strong>mihi</strong></span> 
     </span>
    </p>
   </div>
   <div class='ocr_carea' id='block_1_3' title="bbox 321 2669 2055 2828">
    <p class='ocr_par' dir='ltr' id='par_1_6' title="bbox 321 2669 2055 2828">
     <span class='ocr_line' id='line_1_24' title="bbox 321 2669 2055 2828; baseline -0.004 -24"><span class='ocrx_word' id='word_1_274' title='bbox 321 2762 391 2805; x_wconf 91' lang='lat' dir='ltr'><strong>non</strong></span> <span class='ocrx_word' id='word_1_275' title='bbox 424 2757 564 2828; x_wconf 90' lang='lat' dir='ltr'><strong>possum</strong></span> <span class='ocrx_word' id='word_1_276' title='bbox 597 2669 728 2817; x_wconf 78' lang='grc' dir='ltr'><strong><em>ἐξίσιαι</em></strong></span> <span class='ocrx_word' id='word_1_277' title='bbox 754 2729 797 2797; x_wconf 87' lang='lat' dir='ltr'><strong>ab</strong></span> <span class='ocrx_word' id='word_1_278' title='bbox 825 2738 956 2798; x_wconf 88' lang='lat' dir='ltr'><strong>oratore</strong></span> <span class='ocrx_word' id='word_1_279' title='bbox 982 2732 1058 2819; x_wconf 89' lang='lat' dir='ltr'><strong>ipso</strong></span> <span class='ocrx_word' id='word_1_280' title='bbox 1093 2754 1166 2798; x_wconf 89' lang='lat' dir='ltr'><strong>esse</strong></span> <span class='ocrx_word' id='word_1_281' title='bbox 1200 2741 1324 2801; x_wconf 80' lang='lat' dir='ltr'><strong>ortum</strong></span> <span class='ocrx_word' id='word_1_282' title='bbox 1380 2734 1439 2799; x_wconf 81' lang='lat' dir='ltr'><strong>An</strong></span> <span class='ocrx_word' id='word_1_283' title='bbox 1460 2754 1529 2799; x_wconf 93' lang='lat' dir='ltr'><strong>non</strong></span> <span class='ocrx_word' id='word_1_284' title='bbox 1555 2733 1624 2798; x_wconf 88' lang='lat' dir='ltr'><strong>hoc</strong></span> <span class='ocrx_word' id='word_1_285' title='bbox 1653 2732 1802 2818; x_wconf 83' lang='lat' dir='ltr'><strong>perbene</strong></span> <span class='ocrx_word' id='word_1_286' title='bbox 1825 2756 1867 2800; x_wconf 86' lang='lat' dir='ltr'><strong>ex</strong></span> <span class='ocrx_word' id='word_1_287' title='bbox 1900 2727 2055 2815; x_wconf 77' lang='grc' dir='ltr'><strong><em>ἐξουσίαν</em></strong></span> 
     </span>
    </p>
   </div>
   <div class='ocr_carea' id='block_1_4' title="bbox 319 2812 2056 4077">
    <p class='ocr_par' dir='ltr' id='par_1_7' title="bbox 319 2812 2055 3531">
     <span class='ocr_line' id='line_1_25' title="bbox 322 2812 2054 2913; baseline -0.008 -16"><span class='ocrx_word' id='word_1_288' title='bbox 322 2825 473 2913; x_wconf 82' lang='grc' dir='ltr'><strong><em>δώσομεν</em></strong></span> <span class='ocrx_word' id='word_1_289' title='bbox 487 2823 675 2911; x_wconf 78' lang='lat' dir='ltr'><strong>suppletur,</strong></span> <span class='ocrx_word' id='word_1_290' title='bbox 698 2821 900 2909; x_wconf 85' lang='lat' dir='ltr'><strong>praesertim</strong></span> <span class='ocrx_word' id='word_1_291' title='bbox 915 2842 993 2886; x_wconf 90' lang='lat' dir='ltr'><strong>oum</strong></span> <span class='ocrx_word' id='word_1_292' title='bbox 1007 2822 1111 2908; x_wconf 87' lang='lat' dir='ltr'><strong>paulo</strong></span> <span class='ocrx_word' id='word_1_293' title='bbox 1133 2831 1212 2908; x_wconf 90' lang='lat' dir='ltr'><strong>post</strong></span> <span class='ocrx_word' id='word_1_294' title='bbox 1233 2820 1289 2889; x_wconf 90' lang='grc' dir='ltr'><strong>καί</strong></span> <span class='ocrx_word' id='word_1_295' title='bbox 1310 2825 1364 2890; x_wconf 80' lang='grc' dir='ltr'><strong>δεῖ</strong></span> <span class='ocrx_word' id='word_1_296' title='bbox 1382 2819 1427 2910; x_wconf 78' lang='grc' dir='ltr'><strong>μὴ</strong></span> <span class='ocrx_word' id='word_1_297' title='bbox 1448 2819 1643 2910; x_wconf 78' lang='grc' dir='ltr'><strong><em>ἐπιτρέπειν</em></strong></span> <span class='ocrx_word' id='word_1_298' title='bbox 1665 2812 1753 2909; x_wconf 72' lang='grc' dir='ltr'><strong><em>αὐτῷ</em></strong></span> <span class='ocrx_word' id='word_1_299' title='bbox 1774 2823 1886 2889; x_wconf 90' lang='lat' dir='ltr'><strong>denuo</strong></span> <span class='ocrx_word' id='word_1_300' title='bbox 1901 2821 2054 2888; x_wconf 85' lang='lat' dir='ltr'><strong>addatur.</strong></span> 
     </span>
     <span class='ocr_line' id='line_1_26' title="bbox 320 2906 2053 3001; baseline -0.005 -20"><span class='ocrx_word' id='word_1_301' title='bbox 320 2916 465 2983; x_wconf 81' lang='lat' dir='ltr'><strong>Accedit</strong></span> <span class='ocrx_word' id='word_1_302' title='bbox 494 2911 587 2999; x_wconf 89' lang='lat' dir='ltr'><strong>quod</strong></span> <span class='ocrx_word' id='word_1_303' title='bbox 614 2919 685 2991; x_wconf 85' lang='grc' dir='ltr'><strong><em>τοῖς</em></strong></span> <span class='ocrx_word' id='word_1_304' title='bbox 711 2908 835 2999; x_wconf 75' lang='grc' dir='ltr'><strong><em>Θρᾳξίν</em></strong></span> <span class='ocrx_word' id='word_1_305' title='bbox 863 2917 983 2996; x_wconf 90' lang='lat' dir='ltr'><strong>utpote</strong></span> <span class='ocrx_word' id='word_1_306' title='bbox 1021 2910 1114 2996; x_wconf 89' lang='lat' dir='ltr'><strong>quod</strong></span> <span class='ocrx_word' id='word_1_307' title='bbox 1143 2911 1268 2976; x_wconf 87' lang='lat' dir='ltr'><strong>acriter</strong></span> <span class='ocrx_word' id='word_1_308' title='bbox 1297 2911 1492 2998; x_wconf 86' lang='lat' dir='ltr'><strong>oppositum</strong></span> <span class='ocrx_word' id='word_1_309' title='bbox 1524 2910 1570 2976; x_wconf 92' lang='lat' dir='ltr'><strong>sit</strong></span> <span class='ocrx_word' id='word_1_310' title='bbox 1590 2910 1649 2999; x_wconf 86' lang='grc' dir='ltr'><strong>τῆς</strong></span> <span class='ocrx_word' id='word_1_311' title='bbox 1665 2906 1826 3001; x_wconf 76' lang='grc' dir='ltr'><strong><em>Ἀττικῆς,</em></strong></span> <span class='ocrx_word' id='word_1_312' title='bbox 1857 2912 1984 2977; x_wconf 84' lang='lat' dir='ltr'><strong>rectius</strong></span> <span class='ocrx_word' id='word_1_313' title='bbox 2014 2909 2053 2973; x_wconf 91' lang='lat' dir='ltr'><strong>in</strong></span> 
     </span>
     <span class='ocr_line' id='line_1_27' title="bbox 321 2992 2052 3089; baseline -0.002 -20"><span class='ocrx_word' id='word_1_314' title='bbox 321 3005 416 3070; x_wconf 88' lang='lat' dir='ltr'><strong>exitu</strong></span> <span class='ocrx_word' id='word_1_315' title='bbox 438 3004 624 3072; x_wconf 86' lang='lat' dir='ltr'><strong>collocatur</strong></span> <span class='ocrx_word' id='word_1_316' title='bbox 645 2998 898 3089; x_wconf 87' lang='lat' dir='ltr'><strong>propositionis.</strong></span> <span class='ocrx_word' id='word_1_317' title='bbox 943 2999 1058 3065; x_wconf 82' lang='lat' dir='ltr'><strong>Etiam</strong></span> <span class='ocrx_word' id='word_1_318' title='bbox 1080 3000 1118 3064; x_wconf 89' lang='lat' dir='ltr'><strong>in</strong></span> <span class='ocrx_word' id='word_1_319' title='bbox 1140 3022 1187 3065; x_wconf 89' lang='lat' dir='ltr'><strong>or.</strong></span> <span class='ocrx_word' id='word_1_320' title='bbox 1211 3000 1346 3082; x_wconf 81' lang='lat' dir='ltr'>XVIII,</span> <span class='ocrx_word' id='word_1_321' title='bbox 1370 3001 1452 3065; x_wconf 79' lang='lat'>205:</span> <span class='ocrx_word' id='word_1_322' title='bbox 1484 2992 1523 3065; x_wconf 84' lang='grc' dir='ltr'><strong>οό</strong></span> <span class='ocrx_word' id='word_1_323' title='bbox 1556 2995 1597 3087; x_wconf 82' lang='grc' dir='ltr'><strong>γό</strong></span> <span class='ocrx_word' id='word_1_324' title='bbox 1647 2992 1781 3085; x_wconf 73' lang='grc' dir='ltr'><strong><em>ἐζήτουν</em></strong></span> <span class='ocrx_word' id='word_1_325' title='bbox 1809 2993 1842 3064; x_wconf 83' lang='lat' dir='ltr'><strong>oi</strong></span> <span class='ocrx_word' id='word_1_326' title='bbox 1862 2997 1929 3068; x_wconf 84' lang='grc' dir='ltr'><strong><em>τότ’</em></strong></span> <span class='ocrx_word' id='word_1_327' title='bbox 1946 2994 2052 3086; x_wconf 80' lang='grc' dir='ltr'><strong><em>Ἀθη-</em></strong></span> 
     </span>
     <span class='ocr_line' id='line_1_28' title="bbox 321 3024 2055 3200; baseline -0.005 -43"><span class='ocrx_word' id='word_1_328' title='bbox 321 3097 409 3157; x_wconf 89' lang='grc' dir='ltr'><strong><em>ναῖοι</em></strong></span> <span class='ocrx_word' id='word_1_329' title='bbox 433 3084 509 3159; x_wconf 71' lang='lat' dir='ltr'><strong>oilie</strong></span> <span class='ocrx_word' id='word_1_330' title='bbox 531 3082 641 3200; x_wconf 72' lang='grc' dir='ltr'><strong><em>ῥητορ</em></strong></span> <span class='ocrx_word' id='word_1_331' title='bbox 665 3079 742 3156; x_wconf 75' lang='grc' dir='ltr'><strong><em>σι’ίτε</em></strong></span> <span class='ocrx_word' id='word_1_332' title='bbox 763 3083 944 3172; x_wconf 87' lang='grc' dir='ltr'><strong><em>στρατηγόν</em></strong></span> <span class='ocrx_word' id='word_1_333' title='bbox 959 3086 1002 3152; x_wconf 88' lang='grc' dir='ltr'><strong><em>δι’</em></strong></span> <span class='ocrx_word' id='word_1_334' title='bbox 1024 3082 1105 3154; x_wconf 89' lang='grc' dir='ltr'><strong><em>ότοσ</em></strong></span> <span class='ocrx_word' id='word_1_335' title='bbox 1127 3082 1366 3153; x_wconf 81' lang='grc' dir='ltr'><strong><em>δουλεύσουσιν</em></strong></span> <span class='ocrx_word' id='word_1_336' title='bbox 1387 3081 1536 3168; x_wconf 74' lang='grc' dir='ltr'><strong><em>είτυχιῖς,</em></strong></span> <span class='ocrx_word' id='word_1_337' title='bbox 1560 3024 1631 3151; x_wconf 66' lang='grc' dir='ltr'><strong><em>ἀλλ’</em></strong></span> <span class='ocrx_word' id='word_1_338' title='bbox 1655 3079 1733 3153; x_wconf 79' lang='grc' dir='ltr'><strong><em>οὐδέ</em></strong></span> <span class='ocrx_word' id='word_1_339' title='bbox 1748 3084 1805 3175; x_wconf 80' lang='grc' dir='ltr'><strong><em>ζῆν</em></strong></span> <span class='ocrx_word' id='word_1_340' title='bbox 1819 3080 1941 3175; x_wconf 77' lang='grc' dir='ltr'><strong><em>ἠξίουν,</em></strong></span> <span class='ocrx_word' id='word_1_341' title='bbox 1965 3078 2055 3172; x_wconf 80' lang='grc' dir='ltr'><strong><em>εἰμὴ</em></strong></span> 
     </span>
     <span class='ocr_line' id='line_1_29' title="bbox 319 3171 2053 3264; baseline -0.005 -20"><span class='ocrx_word' id='word_1_342' title='bbox 319 3189 389 3264; x_wconf 82' lang='grc' dir='ltr'><strong><em>μετ’</em></strong></span> <span class='ocrx_word' id='word_1_343' title='bbox 412 3179 607 3264; x_wconf 86' lang='grc' dir='ltr'><strong><em>ἐλευθεριας</em></strong></span> <span class='ocrx_word' id='word_1_344' title='bbox 629 3173 760 3257; x_wconf 77' lang='grc' dir='ltr'><strong><em>ἐξέσται</em></strong></span> <span class='ocrx_word' id='word_1_345' title='bbox 789 3176 886 3239; x_wconf 80' lang='grc' dir='ltr'><strong><em>τοῦτο</em></strong></span> <span class='ocrx_word' id='word_1_346' title='bbox 917 3178 1028 3241; x_wconf 85' lang='grc' dir='ltr'><strong><em>ποιεῖν</em></strong></span> <span class='ocrx_word' id='word_1_347' title='bbox 1051 3174 1230 3240; x_wconf 88' lang='lat' dir='ltr'><strong>neruosius</strong></span> <span class='ocrx_word' id='word_1_348' title='bbox 1252 3181 1355 3259; x_wconf 88' lang='lat' dir='ltr'><strong>atque</strong></span> <span class='ocrx_word' id='word_1_349' title='bbox 1385 3172 1560 3260; x_wconf 88' lang='lat' dir='ltr'><strong>potentius</strong></span> <span class='ocrx_word' id='word_1_350' title='bbox 1586 3171 1740 3241; x_wconf 81' lang='lat' dir='ltr'><strong>dixisset.</strong></span> <span class='ocrx_word' id='word_1_351' title='bbox 1753 3182 1873 3258; x_wconf 84' lang='lat' dir='ltr'><strong>orator,</strong></span> <span class='ocrx_word' id='word_1_352' title='bbox 1903 3174 1932 3239; x_wconf 91' lang='lat' dir='ltr'><strong>si</strong></span> <span class='ocrx_word' id='word_1_353' title='bbox 1954 3173 2053 3238; x_wconf 82' lang='grc' dir='ltr'><strong><em>τοῦτο</em></strong></span> 
     </span>
     <span class='ocr_line' id='line_1_30' title="bbox 321 3255 2054 3350; baseline -0.006 -14"><span class='ocrx_word' id='word_1_354' title='bbox 321 3274 431 3338; x_wconf 79' lang='grc' dir='ltr'><strong><em>ποιεῖν</em></strong></span> <span class='ocrx_word' id='word_1_355' title='bbox 453 3267 632 3334; x_wconf 88' lang='lat' dir='ltr'><strong>omisisset.</strong></span> <span class='ocrx_word' id='word_1_356' title='bbox 666 3264 724 3329; x_wconf 84' lang='lat' dir='ltr'><strong>An</strong></span> <span class='ocrx_word' id='word_1_357' title='bbox 747 3262 808 3348; x_wconf 87' lang='lat' dir='ltr'><strong>qui</strong></span> <span class='ocrx_word' id='word_1_358' title='bbox 829 3255 943 3342; x_wconf 80' lang='grc' dir='ltr'><strong><em>αῖσοῖς</em></strong></span> <span class='ocrx_word' id='word_1_359' title='bbox 972 3269 1051 3327; x_wconf 82' lang='lat' dir='ltr'><strong>ante</strong></span> <span class='ocrx_word' id='word_1_360' title='bbox 1075 3260 1205 3344; x_wconf 80' lang='grc' dir='ltr'><strong><em>ἐξέσται</em></strong></span> <span class='ocrx_word' id='word_1_361' title='bbox 1227 3263 1530 3350; x_wconf 86' lang='lat' dir='ltr'><strong>interpolauernut,</strong></span> <span class='ocrx_word' id='word_1_362' title='bbox 1554 3260 1701 3348; x_wconf 85' lang='lat' dir='ltr'><strong>amplius</strong></span> <span class='ocrx_word' id='word_1_363' title='bbox 1726 3287 1788 3329; x_wconf 88' lang='lat' dir='ltr'><strong>sua</strong></span> <span class='ocrx_word' id='word_1_364' title='bbox 1809 3262 1955 3329; x_wconf 87' lang='lat' dir='ltr'><strong>libidine</strong></span> <span class='ocrx_word' id='word_1_365' title='bbox 1976 3281 2054 3346; x_wconf 89' lang='lat' dir='ltr'><strong>pro·</strong></span> 
     </span>
     <span class='ocr_line' id='line_1_31' title="bbox 320 3346 2055 3443; baseline -0.005 -19"><span class='ocrx_word' id='word_1_366' title='bbox 320 3358 418 3443; x_wconf 83' lang='lat' dir='ltr'><strong>gredi</strong></span> <span class='ocrx_word' id='word_1_367' title='bbox 439 3354 641 3422; x_wconf 83' lang='lat' dir='ltr'><strong>noluerant?</strong></span> <span class='ocrx_word' id='word_1_368' title='bbox 680 3351 794 3431; x_wconf 82' lang='lat' dir='ltr'><strong>Quid?</strong></span> <span class='ocrx_word' id='word_1_369' title='bbox 827 3350 864 3416; x_wconf 91' lang='lat' dir='ltr'><strong>in</strong></span> <span class='ocrx_word' id='word_1_370' title='bbox 895 3352 1087 3439; x_wconf 78' lang='lat' dir='ltr'><strong>extrerna§</strong></span> <span class='ocrx_word' id='word_1_371' title='bbox 1117 3346 1351 3441; x_wconf 75' lang='grc' dir='ltr'><strong><em>ἀποθνῄσκειν</em></strong></span> <span class='ocrx_word' id='word_1_372' title='bbox 1371 3347 1526 3439; x_wconf 78' lang='grc' dir='ltr'><strong><em>ἐθελήσει</em></strong></span> <span class='ocrx_word' id='word_1_373' title='bbox 1549 3349 1616 3428; x_wconf 85' lang='grc' dir='ltr'><strong><em>καί,</em></strong></span> <span class='ocrx_word' id='word_1_374' title='bbox 1639 3355 1801 3439; x_wconf 88' lang='lat' dir='ltr'><strong>quoniam</strong></span> <span class='ocrx_word' id='word_1_375' title='bbox 1822 3357 1882 3418; x_wconf 83' lang='grc' dir='ltr'><strong>τοῦ</strong></span> <span class='ocrx_word' id='word_1_376' title='bbox 1904 3347 2055 3418; x_wconf 82' lang='grc' dir='ltr'><strong><em>θανάτου</em></strong></span> 
     </span>
     <span class='ocr_line' id='line_1_32' title="bbox 320 3439 1578 3531; baseline -0.005 -21"><span class='ocrx_word' id='word_1_377' title='bbox 320 3447 356 3510; x_wconf 87' lang='lat' dir='ltr'><strong>in</strong></span> <span class='ocrx_word' id='word_1_378' title='bbox 379 3450 408 3510; x_wconf 79' lang='grc' dir='ltr'><em>Σ</em></span> <span class='ocrx_word' id='word_1_379' title='bbox 428 3444 590 3531; x_wconf 89' lang='lat' dir='ltr'><strong>sequitur,</strong></span> <span class='ocrx_word' id='word_1_380' title='bbox 613 3440 683 3507; x_wconf 88' lang='lat' dir='ltr'><strong>nisi</strong></span> <span class='ocrx_word' id='word_1_381' title='bbox 704 3440 769 3507; x_wconf 90' lang='lat' dir='ltr'><strong>hoc</strong></span> <span class='ocrx_word' id='word_1_382' title='bbox 792 3439 905 3505; x_wconf 90' lang='lat' dir='ltr'><strong>delere</strong></span> <span class='ocrx_word' id='word_1_383' title='bbox 927 3440 1104 3523; x_wconf 79' lang='lat' dir='ltr'><strong>malumno,</strong></span> <span class='ocrx_word' id='word_1_384' title='bbox 1127 3460 1240 3505; x_wconf 90' lang='lat' dir='ltr'><strong>nonne</strong></span> <span class='ocrx_word' id='word_1_385' title='bbox 1264 3440 1480 3507; x_wconf 80' lang='lat' dir='ltr'><strong>intolerabile</strong></span> <span class='ocrx_word' id='word_1_386' title='bbox 1504 3440 1578 3505; x_wconf 80' lang='lat' dir='ltr'><strong>est?</strong></span> 
     </span>
    </p>

    <p class='ocr_par' dir='ltr' id='par_1_8' title="bbox 320 3541 2056 4077">
     <span class='ocr_line' id='line_1_33' title="bbox 427 3541 2056 3638; baseline -0.003 -21"><span class='ocrx_word' id='word_1_387' title='bbox 427 3552 524 3635; x_wconf 88' lang='lat' dir='ltr'>VIII,</span> <span class='ocrx_word' id='word_1_388' title='bbox 550 3551 607 3616; x_wconf 87' lang='lat'><strong>19:</strong></span> <span class='ocrx_word' id='word_1_389' title='bbox 627 3553 731 3617; x_wconf 83' lang='grc' dir='ltr'><strong><em>ταῦτα</em></strong></span> <span class='ocrx_word' id='word_1_390' title='bbox 745 3542 854 3614; x_wconf 86' lang='grc' dir='ltr'><strong><em>τοίνυν</em></strong></span> <span class='ocrx_word' id='word_1_391' title='bbox 868 3542 1019 3627; x_wconf 72' lang='grc' dir='ltr'><strong><em>ἅπαντας</em></strong></span> <span class='ocrx_word' id='word_1_392' title='bbox 1040 3543 1172 3628; x_wconf 87' lang='grc' dir='ltr'><strong><em>είδότας</em></strong></span> <span class='ocrx_word' id='word_1_393' title='bbox 1186 3549 1243 3616; x_wconf 88' lang='grc' dir='ltr'><strong>καί</strong></span> <span class='ocrx_word' id='word_1_394' title='bbox 1263 3548 1494 3634; x_wconf 76' lang='grc' dir='ltr'><strong><em>λογιζομένους</em></strong></span> <span class='ocrx_word' id='word_1_395' title='bbox 1514 3547 1577 3638; x_wconf 75' lang='grc' dir='ltr'><strong>χρὴ</strong></span> <span class='ocrx_word' id='word_1_396' title='bbox 1598 3547 1645 3633; x_wconf 84' lang='grc' dir='ltr'><strong>μό</strong></span> <span class='ocrx_word' id='word_1_397' title='bbox 1661 3545 1715 3614; x_wconf 80' lang='grc' dir='ltr'><strong><em>Δί</em></strong></span> <span class='ocrx_word' id='word_1_398' title='bbox 1731 3543 1789 3632; x_wconf 77' lang='grc' dir='ltr'><strong>οὐχ</strong></span> <span class='ocrx_word' id='word_1_399' title='bbox 1810 3541 1849 3638; x_wconf 74' lang='grc' dir='ltr'><strong>’ἦν</strong></span> <span class='ocrx_word' id='word_1_400' title='bbox 1863 3545 2056 3632; x_wconf 77' lang='grc' dir='ltr'><strong><em>Διοπείθης</em></strong></span> 
     </span>
     <span class='ocr_line' id='line_1_34' title="bbox 321 3627 2055 3725; baseline -0.003 -24"><span class='ocrx_word' id='word_1_401' title='bbox 321 3643 521 3725; x_wconf 79' lang='grc' dir='ltr'><strong><em>πειρᾶται</em></strong></span> <span class='ocrx_word' id='word_1_402' title='bbox 558 3640 600 3724; x_wconf 78' lang='grc' dir='ltr'><strong>τῆ</strong></span> <span class='ocrx_word' id='word_1_403' title='bbox 637 3630 737 3702; x_wconf 88' lang='grc' dir='ltr'><strong><em>πόλει</em></strong></span> <span class='ocrx_word' id='word_1_404' title='bbox 776 3630 913 3717; x_wconf 84' lang='grc' dir='ltr'><strong><em>δύναμιν</em></strong></span> <span class='ocrx_word' id='word_1_405' title='bbox 953 3627 1302 3722; x_wconf 81' lang='grc' dir='ltr'><strong><em>παρασκευάζειν,</em></strong></span> <span class='ocrx_word' id='word_1_406' title='bbox 1336 3630 1455 3721; x_wconf 75' lang='grc' dir='ltr'><strong><em>ταύτην</em></strong></span> <span class='ocrx_word' id='word_1_407' title='bbox 1490 3634 1680 3718; x_wconf 80' lang='grc' dir='ltr'><strong><em>βασκαίνειν</em></strong></span> <span class='ocrx_word' id='word_1_408' title='bbox 1711 3635 1766 3702; x_wconf 85' lang='grc' dir='ltr'><strong>καί</strong></span> <span class='ocrx_word' id='word_1_409' title='bbox 1795 3634 1950 3702; x_wconf 81' lang='grc' dir='ltr'><strong><em>διαλῦσαι</em></strong></span> <span class='ocrx_word' id='word_1_410' title='bbox 1981 3653 2055 3697; x_wconf 89' lang='grc' dir='ltr'><strong><em>πει·</em></strong></span> 
     </span>
     <span class='ocr_line' id='line_1_35' title="bbox 320 3702 2054 3817; baseline -0.005 -26"><span class='ocrx_word' id='word_1_411' title='bbox 320 3730 458 3817; x_wconf 80' lang='grc' dir='ltr'><strong><em>ρᾶσθαι,</em></strong></span> <span class='ocrx_word' id='word_1_412' title='bbox 481 3718 552 3793; x_wconf 75' lang='grc' dir='ltr'><strong><em>ἀλλ’</em></strong></span> <span class='ocrx_word' id='word_1_413' title='bbox 567 3702 683 3813; x_wconf 78' lang='grc' dir='ltr'><strong><em>ἐτέραν</em></strong></span> <span class='ocrx_word' id='word_1_414' title='bbox 704 3717 824 3802; x_wconf 77' lang='grc' dir='ltr'><strong><em>αὐτοὺς</em></strong></span> <span class='ocrx_word' id='word_1_415' title='bbox 846 3721 1198 3811; x_wconf 84' lang='grc' dir='ltr'><strong><em>προςπαρασκευσίζειν</em></strong></span> <span class='ocrx_word' id='word_1_416' title='bbox 1218 3722 1286 3787; x_wconf 87' lang='grc' dir='ltr'><strong><em>κτλ.</em></strong></span> <span class='ocrx_word' id='word_1_417' title='bbox 1323 3721 1417 3788; x_wconf 88' lang='lat' dir='ltr'><strong>Haec</strong></span> <span class='ocrx_word' id='word_1_418' title='bbox 1438 3721 1469 3786; x_wconf 91' lang='lat' dir='ltr'><strong>si</strong></span> <span class='ocrx_word' id='word_1_419' title='bbox 1484 3722 1676 3808; x_wconf 85' lang='lat' dir='ltr'><strong>legerimus,</strong></span> <span class='ocrx_word' id='word_1_420' title='bbox 1694 3722 1786 3808; x_wconf 91' lang='lat' dir='ltr'><strong>quod</strong></span> <span class='ocrx_word' id='word_1_421' title='bbox 1801 3720 1918 3789; x_wconf 88' lang='lat' dir='ltr'><strong>eadem</strong></span> <span class='ocrx_word' id='word_1_422' title='bbox 1933 3718 2054 3785; x_wconf 83' lang='lat' dir='ltr'><strong>uerba:</strong></span> 
     </span>
     <span class='ocr_line' id='line_1_36' title="bbox 320 3806 2056 3902; baseline -0.006 -18"><span class='ocrx_word' id='word_1_423' title='bbox 320 3818 517 3902; x_wconf 82' lang='grc' dir='ltr'><strong><em>πειρᾶσθαι,</em></strong></span> <span class='ocrx_word' id='word_1_424' title='bbox 542 3841 592 3881; x_wconf 90' lang='grc' dir='ltr'><strong>πα</strong></span> <span class='ocrx_word' id='word_1_425' title='bbox 615 3806 807 3890; x_wconf 87' lang='grc' dir='ltr'><strong><em>ασκευόζιιν</em></strong></span> <span class='ocrx_word' id='word_1_426' title='bbox 824 3810 959 3896; x_wconf 88' lang='lat' dir='ltr'><strong>saepius</strong></span> <span class='ocrx_word' id='word_1_427' title='bbox 979 3810 1161 3897; x_wconf 87' lang='lat' dir='ltr'><strong>usurpauit</strong></span> <span class='ocrx_word' id='word_1_428' title='bbox 1180 3815 1299 3892; x_wconf 87' lang='lat' dir='ltr'><strong>orator,</strong></span> <span class='ocrx_word' id='word_1_429' title='bbox 1316 3831 1418 3896; x_wconf 85' lang='lat' dir='ltr'><strong>aegre</strong></span> <span class='ocrx_word' id='word_1_430' title='bbox 1438 3808 1589 3877; x_wconf 83' lang='lat' dir='ltr'><strong>ferimus.</strong></span> <span class='ocrx_word' id='word_1_431' title='bbox 1621 3810 1713 3890; x_wconf 84' lang='lat' dir='ltr'><strong>Quid</strong></span> <span class='ocrx_word' id='word_1_432' title='bbox 1729 3810 1843 3876; x_wconf 84' lang='lat' dir='ltr'><strong>enim?</strong></span> <span class='ocrx_word' id='word_1_433' title='bbox 1865 3817 1956 3875; x_wconf 90' lang='lat' dir='ltr'><strong>recte</strong></span> <span class='ocrx_word' id='word_1_434' title='bbox 1971 3831 2056 3874; x_wconf 90' lang='lat' dir='ltr'><strong>num</strong></span> 
     </span>
     <span class='ocr_line' id='line_1_37' title="bbox 320 3897 2054 3990; baseline -0.005 -21"><span class='ocrx_word' id='word_1_435' title='bbox 320 3905 447 3970; x_wconf 85' lang='lat' dir='ltr'><strong>&lt;licitur</strong></span> <span class='ocrx_word' id='word_1_436' title='bbox 460 3902 602 3990; x_wconf 91' lang='lat' dir='ltr'><strong>Diopeit</strong></span> <span class='ocrx_word' id='word_1_437' title='bbox 627 3923 681 3968; x_wconf 92' lang='lat' dir='ltr'><strong>em</strong></span> <span class='ocrx_word' id='word_1_438' title='bbox 703 3897 855 3965; x_wconf 88' lang='lat' dir='ltr'><strong>conari</strong></span> <span class='ocrx_word' id='word_1_439' title='bbox 877 3920 917 3963; x_wconf 94' lang='lat' dir='ltr'><strong>co</strong></span> <span class='ocrx_word' id='word_1_440' title='bbox 942 3899 992 3965; x_wconf 88' lang='lat' dir='ltr'><strong>ias</strong></span> <span class='ocrx_word' id='word_1_441' title='bbox 1008 3898 1193 3984; x_wconf 84' lang='lat' dir='ltr'><strong>colligere?</strong></span> <span class='ocrx_word' id='word_1_442' title='bbox 1216 3920 1301 3983; x_wconf 91' lang='lat' dir='ltr'><strong>quos</strong></span> <span class='ocrx_word' id='word_1_443' title='bbox 1325 3909 1511 3965; x_wconf 89' lang='lat' dir='ltr'><strong>conatur</strong></span> <span class='ocrx_word' id='word_1_444' title='bbox 1526 3900 1696 3986; x_wconf 85' lang='lat' dir='ltr'><strong>colligere,</strong></span> <span class='ocrx_word' id='word_1_445' title='bbox 1721 3898 1889 3985; x_wconf 90' lang='lat' dir='ltr'><strong>quomodo</strong></span> <span class='ocrx_word' id='word_1_446' title='bbox 1904 3898 2054 3986; x_wconf 90' lang='lat' dir='ltr'><strong>populus</strong></span> 
     </span>
     <span class='ocr_line' id='line_1_38' title="bbox 320 3921 2054 4077; baseline -0.005 -18"><span class='ocrx_word' id='word_1_447' title='bbox 320 3993 478 4060; x_wconf 83' lang='lat' dir='ltr'><strong>dirimere</strong></span> <span class='ocrx_word' id='word_1_448' title='bbox 522 3991 634 4057; x_wconf 86' lang='lat' dir='ltr'><strong>otest?</strong></span> <span class='ocrx_word' id='word_1_449' title='bbox 662 3985 754 4068; x_wconf 82' lang='lat' dir='ltr'><strong>Quid</strong></span> <span class='ocrx_word' id='word_1_450' title='bbox 766 3985 857 4072; x_wconf 90' lang='lat' dir='ltr'><strong>quod</strong></span> <span class='ocrx_word' id='word_1_451' title='bbox 873 3921 1006 4052; x_wconf 58' lang='lat' dir='ltr'><strong>codices</strong></span> <span class='ocrx_word' id='word_1_452' title='bbox 1021 3988 1158 4054; x_wconf 75' lang='lat' dir='ltr'><strong>trariant</strong></span> <span class='ocrx_word' id='word_1_453' title='bbox 1179 3986 1271 4051; x_wconf 90' lang='lat' dir='ltr'><strong>inter</strong></span> <span class='ocrx_word' id='word_1_454' title='bbox 1291 3986 1557 4077; x_wconf 82' lang='grc' dir='ltr'><strong><em>παρασκευάζειν</em></strong></span> <span class='ocrx_word' id='word_1_455' title='bbox 1578 3997 1613 4053; x_wconf 90' lang='lat' dir='ltr'><strong>et</strong></span> <span class='ocrx_word' id='word_1_456' title='bbox 1633 3991 1794 4058; x_wconf 69' lang='lat' dir='ltr'><strong>aoruca?</strong></span> <span class='ocrx_word' id='word_1_457' title='bbox 1827 3987 1949 4073; x_wconf 79' lang='lat' dir='ltr'><strong>Itaque</strong></span> <span class='ocrx_word' id='word_1_458' title='bbox 1965 3985 2054 4069; x_wconf 89' lang='lat' dir='ltr'><strong>uide,</strong></span> 
     </span>
    </p>
   </div>
   <div class='ocr_carea' id='block_1_5' title="bbox 320 4072 1664 4167">
    <p class='ocr_par' dir='ltr' id='par_1_9' title="bbox 320 4072 1664 4167">
     <span class='ocr_line' id='line_1_39' title="bbox 320 4072 1664 4167; baseline -0.003 -20"><span class='ocrx_word' id='word_1_459' title='bbox 320 4107 363 4147; x_wconf 88' lang='lat' dir='ltr'><strong>ne</strong></span> <span class='ocrx_word' id='word_1_460' title='bbox 384 4083 486 4167; x_wconf 90' lang='lat' dir='ltr'><strong>legen</strong></span> <span class='ocrx_word' id='word_1_461' title='bbox 509 4103 569 4146; x_wconf 88' lang='lat' dir='ltr'><strong>um</strong></span> <span class='ocrx_word' id='word_1_462' title='bbox 593 4081 639 4145; x_wconf 90' lang='lat' dir='ltr'><strong>sit</strong></span> <span class='ocrx_word' id='word_1_463' title='bbox 661 4099 723 4165; x_wconf 89' lang='lat' dir='ltr'><strong>pro</strong></span> <span class='ocrx_word' id='word_1_464' title='bbox 746 4080 921 4164; x_wconf 77' lang='grc' dir='ltr'><strong><em>πειρᾶταιε</em></strong></span> <span class='ocrx_word' id='word_1_465' title='bbox 944 4072 1150 4166; x_wconf 82' lang='grc' dir='ltr'><strong><em>πεπόρισται</em></strong></span> <span class='ocrx_word' id='word_1_466' title='bbox 1173 4075 1284 4141; x_wconf 88' lang='lat' dir='ltr'><strong>deleto</strong></span> <span class='ocrx_word' id='word_1_467' title='bbox 1307 4075 1368 4141; x_wconf 90' lang='lat' dir='ltr'><strong>illo</strong></span> <span class='ocrx_word' id='word_1_468' title='bbox 1390 4072 1664 4164; x_wconf 78' lang='grc' dir='ltr'><strong><em>παρασκευάζειν.</em></strong></span> 
     </span>
    </p>
   </div>
   <div class='ocr_carea' id='block_1_6' title="bbox 317 4194 2055 5092">
    <p class='ocr_par' dir='ltr' id='par_1_10' title="bbox 317 4194 2055 5092">
     <span class='ocr_line' id='line_1_40' title="bbox 397 4194 2053 4290; baseline -0.003 -19"><span class='ocrx_word' id='word_1_469' title='bbox 397 4243 399 4246; x_wconf 56' lang='lat'>&gt;</span> <span class='ocrx_word' id='word_1_470' title='bbox 425 4206 523 4290; x_wconf 90' lang='lat' dir='ltr'>VIII,</span> <span class='ocrx_word' id='word_1_471' title='bbox 547 4206 606 4270; x_wconf 87' lang='lat'><strong>61:</strong></span> <span class='ocrx_word' id='word_1_472' title='bbox 629 4196 668 4271; x_wconf 78' lang='grc' dir='ltr'><strong>οὗ</strong></span> <span class='ocrx_word' id='word_1_473' title='bbox 682 4199 744 4290; x_wconf 83' lang='grc' dir='ltr'><strong>γὰρ</strong></span> <span class='ocrx_word' id='word_1_474' title='bbox 760 4199 857 4280; x_wconf 85' lang='grc' dir='ltr'><strong><em>ἐστιν,</em></strong></span> <span class='ocrx_word' id='word_1_475' title='bbox 881 4194 940 4269; x_wconf 73' lang='lat' dir='ltr'><strong>otiu</strong></span> <span class='ocrx_word' id='word_1_476' title='bbox 961 4194 1050 4268; x_wconf 79' lang='grc' dir='ltr'><strong><em>ἐστιν</em></strong></span> <span class='ocrx_word' id='word_1_477' title='bbox 1063 4203 1127 4267; x_wconf 82' lang='grc' dir='ltr'><strong><em>τεόν</em></strong></span> <span class='ocrx_word' id='word_1_478' title='bbox 1142 4196 1205 4280; x_wconf 84' lang='grc' dir='ltr'><strong><em>ἐξω</em></strong></span> <span class='ocrx_word' id='word_1_479' title='bbox 1227 4204 1287 4287; x_wconf 76' lang='grc' dir='ltr'><strong>τῆς</strong></span> <span class='ocrx_word' id='word_1_480' title='bbox 1309 4196 1441 4279; x_wconf 84' lang='grc' dir='ltr'><strong><em>πόλεως</em></strong></span> <span class='ocrx_word' id='word_1_481' title='bbox 1462 4200 1593 4290; x_wconf 82' lang='grc' dir='ltr'><strong><em>ἐχθροῖν</em></strong></span> <span class='ocrx_word' id='word_1_482' title='bbox 1614 4205 1787 4284; x_wconf 79' lang='grc' dir='ltr'><strong><em>κρατῖσαι,</em></strong></span> <span class='ocrx_word' id='word_1_483' title='bbox 1812 4199 1891 4290; x_wconf 82' lang='grc' dir='ltr'><strong><em>πρίν</em></strong></span> <span class='ocrx_word' id='word_1_484' title='bbox 1913 4197 1953 4267; x_wconf 77' lang='grc' dir='ltr'><strong><em>όν</em></strong></span> <span class='ocrx_word' id='word_1_485' title='bbox 1974 4199 2053 4278; x_wconf 76' lang='grc' dir='ltr'><strong><em>τοὺς</em></strong></span> 
     </span>
     <span class='ocr_line' id='line_1_41' title="bbox 325 4288 2053 4402; baseline -0.008 -35"><span class='ocrx_word' id='word_1_486' title='bbox 325 4301 359 4367; x_wconf 85' lang='grc' dir='ltr'><strong>ἐν</strong></span> <span class='ocrx_word' id='word_1_487' title='bbox 381 4292 464 4383; x_wconf 76' lang='grc' dir='ltr'><strong><em>αὐτῇ</em></strong></span> <span class='ocrx_word' id='word_1_488' title='bbox 482 4298 524 4383; x_wconf 76' lang='grc' dir='ltr'><strong>τῇ</strong></span> <span class='ocrx_word' id='word_1_489' title='bbox 537 4289 638 4362; x_wconf 86' lang='grc' dir='ltr'><strong><em>πόλει</em></strong></span> <span class='ocrx_word' id='word_1_490' title='bbox 651 4289 804 4402; x_wconf 82' lang='grc' dir='ltr'><strong><em>κολάσητ’</em></strong></span> <span class='ocrx_word' id='word_1_491' title='bbox 819 4288 962 4383; x_wconf 80' lang='grc' dir='ltr'><strong><em>ἐχθροί</em></strong></span> <span class='ocrx_word' id='word_1_492' title='bbox 969 4317 995 4370; x_wconf 91' lang='grc' dir='ltr'><strong>ς.</strong></span> <span class='ocrx_word' id='word_1_493' title='bbox 1031 4290 1125 4354; x_wconf 66' lang='lat' dir='ltr'><strong>Hmo</strong></span> <span class='ocrx_word' id='word_1_494' title='bbox 1140 4288 1202 4374; x_wconf 92' lang='lat' dir='ltr'><strong>qui</strong></span> <span class='ocrx_word' id='word_1_495' title='bbox 1224 4288 1318 4373; x_wconf 87' lang='lat' dir='ltr'><strong>leget</strong></span> <span class='ocrx_word' id='word_1_496' title='bbox 1340 4290 1369 4354; x_wconf 89' lang='lat' dir='ltr'><strong>si</strong></span> <span class='ocrx_word' id='word_1_497' title='bbox 1384 4289 1581 4356; x_wconf 85' lang='lat' dir='ltr'><strong>admonitus</strong></span> <span class='ocrx_word' id='word_1_498' title='bbox 1604 4290 1670 4355; x_wconf 89' lang='lat' dir='ltr'><strong>erit</strong></span> <span class='ocrx_word' id='word_1_499' title='bbox 1765 4312 1802 4355; x_wconf 89' lang='lat' dir='ltr'><strong>re</strong></span> <span class='ocrx_word' id='word_1_500' title='bbox 1824 4311 1895 4355; x_wconf 93' lang='lat' dir='ltr'><strong>non</strong></span> <span class='ocrx_word' id='word_1_501' title='bbox 1916 4288 2053 4376; x_wconf 84' lang='lat' dir='ltr'><strong>poterit,</strong></span> 
     </span>
     <span class='ocr_line' id='line_1_42' title="bbox 321 4376 2053 4483; baseline -0.005 -32"><span class='ocrx_word' id='word_1_502' title='bbox 321 4388 405 4473; x_wconf 87' lang='lat' dir='ltr'><strong>quin</strong></span> <span class='ocrx_word' id='word_1_503' title='bbox 427 4378 571 4472; x_wconf 80' lang='grc' dir='ltr'><strong><em>ἐχθρούς</em></strong></span> <span class='ocrx_word' id='word_1_504' title='bbox 591 4388 671 4469; x_wconf 90' lang='lat' dir='ltr'><strong>post</strong></span> <span class='ocrx_word' id='word_1_505' title='bbox 692 4380 846 4483; x_wconf 83' lang='grc' dir='ltr'><strong><em>κολασητ’</em></strong></span> <span class='ocrx_word' id='word_1_506' title='bbox 868 4387 1049 4446; x_wconf 88' lang='lat' dir='ltr'><strong>remoueat.</strong></span> <span class='ocrx_word' id='word_1_507' title='bbox 1073 4378 1131 4443; x_wconf 83' lang='lat' dir='ltr'><strong>An</strong></span> <span class='ocrx_word' id='word_1_508' title='bbox 1145 4384 1247 4464; x_wconf 85' lang='lat' dir='ltr'><strong>putas</strong></span> <span class='ocrx_word' id='word_1_509' title='bbox 1262 4376 1536 4462; x_wconf 85' lang='lat' dir='ltr'><strong>Demosthenem,</strong></span> <span class='ocrx_word' id='word_1_510' title='bbox 1553 4379 1622 4445; x_wconf 89' lang='lat' dir='ltr'><strong>nisi</strong></span> <span class='ocrx_word' id='word_1_511' title='bbox 1637 4377 1830 4466; x_wconf 77' lang='lat' dir='ltr'><strong>putendum</strong></span> <span class='ocrx_word' id='word_1_512' title='bbox 1845 4377 1892 4443; x_wconf 78' lang='lat' dir='ltr'><strong>uit</strong></span> <span class='ocrx_word' id='word_1_513' title='bbox 1906 4399 1985 4442; x_wconf 89' lang='lat' dir='ltr'><strong>eum</strong></span> <span class='ocrx_word' id='word_1_514' title='bbox 1999 4377 2053 4443; x_wconf 88' lang='lat' dir='ltr'><strong>iu·</strong></span> 
     </span>
     <span class='ocr_line' id='line_1_43' title="bbox 321 4465 2053 4559; baseline -0.004 -21"><span class='ocrx_word' id='word_1_515' title='bbox 321 4477 410 4542; x_wconf 90' lang='lat' dir='ltr'><strong>dicio</strong></span> <span class='ocrx_word' id='word_1_516' title='bbox 425 4486 528 4559; x_wconf 88' lang='lat' dir='ltr'><strong>atque</strong></span> <span class='ocrx_word' id='word_1_517' title='bbox 544 4468 715 4556; x_wconf 81' lang='lat' dir='ltr'><strong>elegantia</strong></span> <span class='ocrx_word' id='word_1_518' title='bbox 728 4490 866 4536; x_wconf 91' lang='lat' dir='ltr'><strong>omnmo</strong></span> <span class='ocrx_word' id='word_1_519' title='bbox 881 4468 1030 4535; x_wconf 77' lang='lat' dir='ltr'><strong>esurisse</strong></span> <span class='ocrx_word' id='word_1_520' title='bbox 1041 4488 1152 4553; x_wconf 91' lang='lat' dir='ltr'><strong>neque</strong></span> <span class='ocrx_word' id='word_1_521' title='bbox 1164 4465 1232 4530; x_wconf 90' lang='lat' dir='ltr'><strong>duo</strong></span> <span class='ocrx_word' id='word_1_522' title='bbox 1247 4467 1399 4533; x_wconf 89' lang='lat' dir='ltr'><strong>membra</strong></span> <span class='ocrx_word' id='word_1_523' title='bbox 1413 4469 1536 4534; x_wconf 80' lang='lat' dir='ltr'><strong>acriter</strong></span> <span class='ocrx_word' id='word_1_524' title='bbox 1548 4490 1720 4556; x_wconf 89' lang='lat' dir='ltr'><strong>opponere</strong></span> <span class='ocrx_word' id='word_1_525' title='bbox 1734 4466 1895 4553; x_wconf 88' lang='lat' dir='ltr'><strong>potuisse,</strong></span> <span class='ocrx_word' id='word_1_526' title='bbox 1908 4466 1946 4531; x_wconf 90' lang='lat' dir='ltr'><strong>in</strong></span> <span class='ocrx_word' id='word_1_527' title='bbox 1957 4465 2053 4532; x_wconf 86' lang='lat' dir='ltr'><strong>exitu</strong></span> 
     </span>
     <span class='ocr_line' id='line_1_44' title="bbox 320 4553 2055 4666; baseline -0.005 -35"><span class='ocrx_word' id='word_1_528' title='bbox 320 4564 454 4652; x_wconf 90' lang='lat' dir='ltr'><strong>periodi</strong></span> <span class='ocrx_word' id='word_1_529' title='bbox 465 4562 710 4629; x_wconf 87' lang='lat' dir='ltr'><strong>collocaturum</strong></span> <span class='ocrx_word' id='word_1_530' title='bbox 720 4556 836 4640; x_wconf 86' lang='lat' dir='ltr'><strong>fuisse,</strong></span> <span class='ocrx_word' id='word_1_531' title='bbox 849 4558 941 4643; x_wconf 91' lang='lat' dir='ltr'><strong>quod</strong></span> <span class='ocrx_word' id='word_1_532' title='bbox 951 4578 1051 4623; x_wconf 90' lang='lat' dir='ltr'><strong>nemo</strong></span> <span class='ocrx_word' id='word_1_533' title='bbox 1062 4577 1133 4621; x_wconf 87' lang='lat' dir='ltr'><strong>non</strong></span> <span class='ocrx_word' id='word_1_534' title='bbox 1144 4553 1247 4619; x_wconf 86' lang='lat' dir='ltr'><strong>facile</strong></span> <span class='ocrx_word' id='word_1_535' title='bbox 1258 4556 1512 4666; x_wconf 86' lang='lat' dir='ltr'><strong>suppleuisset?</strong></span> <span class='ocrx_word' id='word_1_536' title='bbox 1528 4558 1597 4635; x_wconf 89' lang='lat' dir='ltr'><strong>Qui</strong></span> <span class='ocrx_word' id='word_1_537' title='bbox 1608 4555 1741 4622; x_wconf 75' lang='lat' dir='ltr'><strong>librarii</strong></span> <span class='ocrx_word' id='word_1_538' title='bbox 1751 4577 1814 4643; x_wconf 91' lang='lat' dir='ltr'><strong>pro</strong></span> <span class='ocrx_word' id='word_1_539' title='bbox 1827 4576 1888 4620; x_wconf 86' lang='lat' dir='ltr'><strong>sua</strong></span> <span class='ocrx_word' id='word_1_540' title='bbox 1899 4553 2055 4622; x_wconf 82' lang='lat' dir='ltr'><strong>doctrina</strong></span> 
     </span>
     <span class='ocr_line' id='line_1_45' title="bbox 318 4639 2052 4739; baseline -0.005 -19"><span class='ocrx_word' id='word_1_541' title='bbox 318 4653 532 4720; x_wconf 87' lang='lat' dir='ltr'><strong>addiderant:</strong></span> <span class='ocrx_word' id='word_1_542' title='bbox 578 4645 818 4739; x_wconf 79' lang='grc' dir='ltr'><strong><em>ὑπηρετοῦντες</em></strong></span> <span class='ocrx_word' id='word_1_543' title='bbox 846 4644 974 4736; x_wconf 81' lang='grc' dir='ltr'><strong><em>ἐκείνῳ,</em></strong></span> <span class='ocrx_word' id='word_1_544' title='bbox 1014 4641 1086 4715; x_wconf 74' lang='grc' dir='ltr'><strong><em>ἀλλ’</em></strong></span> <span class='ocrx_word' id='word_1_545' title='bbox 1114 4639 1237 4736; x_wconf 74' lang='grc' dir='ltr'><strong><em>ἀνάγκη</em></strong></span> <span class='ocrx_word' id='word_1_546' title='bbox 1265 4670 1398 4724; x_wconf 89' lang='grc' dir='ltr'><strong><em>τσυτοις</em></strong></span> <span class='ocrx_word' id='word_1_547' title='bbox 1425 4641 1536 4735; x_wconf 77' lang='grc' dir='ltr'><strong><em>ὥςπερ</em></strong></span> <span class='ocrx_word' id='word_1_548' title='bbox 1567 4641 1752 4736; x_wconf 87' lang='grc' dir='ltr'><strong><em>προβόλοις</em></strong></span> <span class='ocrx_word' id='word_1_549' title='bbox 1781 4646 2052 4733; x_wconf 85' lang='grc' dir='ltr'><strong><em>προςπταίοντας</em></strong></span> 
     </span>
     <span class='ocr_line' id='line_1_46' title="bbox 317 4730 2050 4831; baseline -0.008 -21"><span class='ocrx_word' id='word_1_550' title='bbox 317 4739 499 4831; x_wconf 80' lang='grc' dir='ltr'><strong><em>ὑστερίζειν</em></strong></span> <span class='ocrx_word' id='word_1_551' title='bbox 512 4735 653 4821; x_wconf 81' lang='grc' dir='ltr'><strong><em>ἐκείνων,</em></strong></span> <span class='ocrx_word' id='word_1_552' title='bbox 677 4743 763 4823; x_wconf 84' lang='lat' dir='ltr'><strong>quae</strong></span> <span class='ocrx_word' id='word_1_553' title='bbox 794 4736 899 4802; x_wconf 88' lang='lat' dir='ltr'><strong>uerba</strong></span> <span class='ocrx_word' id='word_1_554' title='bbox 921 4736 1069 4801; x_wconf 88' lang='lat' dir='ltr'><strong>editores</strong></span> <span class='ocrx_word' id='word_1_555' title='bbox 1096 4756 1213 4800; x_wconf 86' lang='lat' dir='ltr'><strong>omnes</strong></span> <span class='ocrx_word' id='word_1_556' title='bbox 1243 4744 1283 4800; x_wconf 91' lang='lat' dir='ltr'><strong>nt</strong></span> <span class='ocrx_word' id='word_1_557' title='bbox 1314 4733 1483 4819; x_wconf 87' lang='lat' dir='ltr'><strong>glossema</strong></span> <span class='ocrx_word' id='word_1_558' title='bbox 1505 4735 1685 4814; x_wconf 87' lang='lat' dir='ltr'><strong>eiecerunt,</strong></span> <span class='ocrx_word' id='word_1_559' title='bbox 1709 4733 1813 4798; x_wconf 88' lang='lat' dir='ltr'><strong>etiam</strong></span> <span class='ocrx_word' id='word_1_560' title='bbox 1835 4730 1978 4824; x_wconf 75' lang='grc' dir='ltr'><strong><em>ἐχθρούς</em></strong></span> <span class='ocrx_word' id='word_1_561' title='bbox 1998 4731 2050 4797; x_wconf 90' lang='lat' dir='ltr'><strong>in-</strong></span> 
     </span>
     <span class='ocr_line' id='line_1_47' title="bbox 318 4821 2050 4918; baseline -0.006 -21"><span class='ocrx_word' id='word_1_562' title='bbox 318 4833 543 4918; x_wconf 86' lang='lat' dir='ltr'><strong>sculpserunt</strong></span> <span class='ocrx_word' id='word_1_563' title='bbox 589 4828 664 4907; x_wconf 86' lang='lat' dir='ltr'><strong>Qua</strong></span> <span class='ocrx_word' id='word_1_564' title='bbox 696 4826 959 4913; x_wconf 87' lang='lat' dir='ltr'><strong>interpolatione</strong></span> <span class='ocrx_word' id='word_1_565' title='bbox 988 4823 1080 4890; x_wconf 87' lang='lat' dir='ltr'><strong>facta</strong></span> <span class='ocrx_word' id='word_1_566' title='bbox 1111 4823 1284 4889; x_wconf 87' lang='lat' dir='ltr'><strong>conclusio</strong></span> <span class='ocrx_word' id='word_1_567' title='bbox 1313 4822 1417 4910; x_wconf 79' lang='lat' dir='ltr'><strong>plens</strong></span> <span class='ocrx_word' id='word_1_568' title='bbox 1446 4823 1579 4910; x_wconf 90' lang='lat' dir='ltr'><strong>periodi</strong></span> <span class='ocrx_word' id='word_1_569' title='bbox 1608 4823 1739 4910; x_wconf 90' lang='lat' dir='ltr'><strong>perisse</strong></span> <span class='ocrx_word' id='word_1_570' title='bbox 1769 4821 1916 4888; x_wconf 88' lang='lat' dir='ltr'><strong>uidetur.</strong></span> <span class='ocrx_word' id='word_1_571' title='bbox 1960 4822 2050 4888; x_wconf 85' lang='lat' dir='ltr'><strong>Nam</strong></span> 
     </span>
     <span class='ocr_line' id='line_1_48' title="bbox 318 4910 2049 5002; baseline -0.008 -15"><span class='ocrx_word' id='word_1_572' title='bbox 318 4915 419 4998; x_wconf 76' lang='grc' dir='ltr'><strong><em>ἀξίως</em></strong></span> <span class='ocrx_word' id='word_1_573' title='bbox 439 4920 496 4983; x_wconf 88' lang='lat' dir='ltr'><strong>uel</strong></span> <span class='ocrx_word' id='word_1_574' title='bbox 519 4916 646 4983; x_wconf 87' lang='lat' dir='ltr'><strong>similia</strong></span> <span class='ocrx_word' id='word_1_575' title='bbox 668 4922 917 5002; x_wconf 80' lang='lat' dir='ltr'><strong>exspectantur.</strong></span> <span class='ocrx_word' id='word_1_576' title='bbox 951 4913 1072 4980; x_wconf 83' lang='lat' dir='ltr'><strong>Simile</strong></span> <span class='ocrx_word' id='word_1_577' title='bbox 1094 4912 1220 4978; x_wconf 89' lang='lat' dir='ltr'><strong>uitium</strong></span> <span class='ocrx_word' id='word_1_578' title='bbox 1244 4913 1281 4977; x_wconf 92' lang='lat' dir='ltr'><strong>in</strong></span> <span class='ocrx_word' id='word_1_579' title='bbox 1297 4935 1343 4979; x_wconf 86' lang='lat' dir='ltr'><strong>or.</strong></span> <span class='ocrx_word' id='word_1_580' title='bbox 1360 4911 1496 4996; x_wconf 89' lang='lat' dir='ltr'>XVIII,</span> <span class='ocrx_word' id='word_1_581' title='bbox 1524 4913 1588 4979; x_wconf 86' lang='grc'><strong>160</strong></span> <span class='ocrx_word' id='word_1_582' title='bbox 1611 4911 1782 4977; x_wconf 84' lang='lat' dir='ltr'><strong>detexisse</strong></span> <span class='ocrx_word' id='word_1_583' title='bbox 1804 4911 1891 4977; x_wconf 89' lang='lat' dir='ltr'><strong>mihi</strong></span> <span class='ocrx_word' id='word_1_584' title='bbox 1913 4910 2049 4976; x_wconf 88' lang='lat' dir='ltr'><strong>uideor:</strong></span> 
     </span>
     <span class='ocr_line' id='line_1_49' title="bbox 319 4991 2050 5092; baseline -0.006 -23"><span class='ocrx_word' id='word_1_585' title='bbox 319 4991 372 5072; x_wconf 72' lang='grc' dir='ltr'><strong>ότι</strong></span> <span class='ocrx_word' id='word_1_586' title='bbox 401 4999 537 5092; x_wconf 76' lang='grc' dir='ltr'><strong><em>αἰσχρόν</em></strong></span> <span class='ocrx_word' id='word_1_587' title='bbox 566 5001 664 5081; x_wconf 86' lang='grc' dir='ltr'><strong><em>ἐστιν,</em></strong></span> <span class='ocrx_word' id='word_1_588' title='bbox 695 4997 725 5068; x_wconf 85' lang='grc' dir='ltr'><strong>εί</strong></span> <span class='ocrx_word' id='word_1_589' title='bbox 747 4998 801 5087; x_wconf 86' lang='grc' dir='ltr'><strong>’γώ</strong></span> <span class='ocrx_word' id='word_1_590' title='bbox 829 5000 891 5086; x_wconf 82' lang='grc' dir='ltr'><strong><em>μέν</em></strong></span> <span class='ocrx_word' id='word_1_591' title='bbox 919 4991 1024 5087; x_wconf 80' lang='grc' dir='ltr'><strong><em>τᾶργα</em></strong></span> <span class='ocrx_word' id='word_1_592' title='bbox 1051 5002 1116 5066; x_wconf 86' lang='grc' dir='ltr'><strong><em>τοῖν</em></strong></span> <span class='ocrx_word' id='word_1_593' title='bbox 1141 4994 1225 5086; x_wconf 80' lang='grc' dir='ltr'><strong><em>ὖμέρ</em></strong></span> <span class='ocrx_word' id='word_1_594' title='bbox 1247 4994 1338 5082; x_wconf 82' lang='grc' dir='ltr'><strong><em>όμιῖν</em></strong></span> <span class='ocrx_word' id='word_1_595' title='bbox 1360 4996 1472 5065; x_wconf 80' lang='grc' dir='ltr'><strong><em>πόντον</em></strong></span> <span class='ocrx_word' id='word_1_596' title='bbox 1496 4993 1668 5083; x_wconf 76' lang='grc' dir='ltr'><strong><em>ὑπέμεινα,</em></strong></span> <span class='ocrx_word' id='word_1_597' title='bbox 1692 4994 1785 5082; x_wconf 75' lang='grc' dir='ltr'><strong><em>όγιεῖς</em></strong></span> <span class='ocrx_word' id='word_1_598' title='bbox 1808 4998 1845 5065; x_wconf 81' lang='grc' dir='ltr'><strong>δὲ</strong></span> <span class='ocrx_word' id='word_1_599' title='bbox 1865 4996 1950 5085; x_wconf 74' lang='grc' dir='ltr'><strong><em>μηδὲ</em></strong></span> <span class='ocrx_word' id='word_1_600' title='bbox 1970 4995 2050 5074; x_wconf 77' lang='grc' dir='ltr'><strong><em>τοὺς</em></strong></span> 
     </span>
    </p>
   </div>
   <div class='ocr_carea' id='block_1_7' title="bbox 0 0 2306 5634">
    <p class='ocr_par' dir='ltr' id='par_1_11' title="bbox 0 0 2306 5634">
     <span class='ocr_line' id='line_1_50' title="bbox 0 0 2306 5634; baseline 0 0"><span class='ocrx_word' id='word_1_601' title='bbox 0 0 2306 5634; x_wconf 95' lang='lat' dir='ltr'><strong> </strong></span> 
     </span>
    </p>
   </div>
  </div>
 </body>
</html>
